1804 2904
215 93 417 168 uEORo.
451 85 536 138 ΜΒ.
567 90 587 135 1.
639 99 694 146 4⁵7.

73 198 112 254 tre,
124 211 201 258 neque
214 193 302 244 iterra
310 201 406 242 moneat
418 187 548 250 convellere
558 193 649 237 sunem.

75 267 110 310 At
122 261 147 321 st,
160 278 214 311 cum
225 265 356 323 reseretque
365 259 437 317 diem,
450 261 586 320 condetque
597 255 708 314 relatum,

30 365 35 373 .
75 329 176 378 Lucidus
184 329 247 376 orbis
256 329 314 387 erit3
334 325 417 375 frustra
425 328 538 374 terrebere
548 325 647 382 nimbis,

75 399 105 445 Et
116 395 179 445 claro
192 394 259 446 ulvas
269 411 348 444 cernes
358 391 480 454 Aquilone
492 392 589 440 moveri.

75 464 193 524 Denique,
204 465 263 525 quid
271 462 353 522 vesper
363 461 510 518 transvehat,
520 461 583 510 unde
592 459 685 507 serenas

73 534 161 579 Ventus
173 541 227 590 agat
239 532 322 588 nubes,
334 529 393 592 quicl
404 529 490 586 cogitet
499 527 610 574 humidus
620 525 716 583 Auster,
746 589 747 592 Ἴ

75 596 113 645 Sol
122 598 168 644 tibi
176 596 240 658 signa
249 597 323 645 dabit.
343 593 423 644 Solem
435 594 490 655 quis
498 595 571 642 dicere
581 593 666 641 saltum
736 625 744 636 ,.

75 661 187 712 Audeat?
207 661 249 710 llle
260 664 330 712 etiam
341 678 422 710 caecos
433 659 519 710 instare
528 659 644 709 tumultu

73 736 148 790 Saepe
161 739 253 788 monet,
263 731 415 791 fraudemque
426 738 451 777 et
462 739 545 790 operta
556 729 682 776 tumescere
692 723 762 776 bella.

74 796 118 846 llle
128 796 200 844 etiam
209 797 313 844 extincto
321 797 444 846 miseratus
452 791 549 845 Caesare
559 799 673 853 Romam,

76 867 137 912 Cum
150 873 221 924 caput
231 864 327 912 obscura
337 865 441 928 nitidum
453 863 571 924 ferrugine
583 863 653 921 texit,

74 931 197 992 Impiaque
208 941 330 979 aetemam
341 932 474 978 timuerunt
485 928 560 978 secula
572 932 673 976 nostem
753 943 756 946 ’
889 977 890 990 ¹

73 999 193 1058 Tempore
203 1013 343 1058 quanquam
352 995 393 1042 illo
403 993 472 1042 tellus
483 1011 586 1056 quoque,
597 1007 621 1043 et
630 1012 730 1058 aequora
738 994 816 1056 ponti,
889 991 890 1010 ¹

75 1064 328 1126 Obscoeniquecanes,
341 1064 540 1124 importunaeque
552 1060 656 1110 volucres
889 1065 890 1078 ¹

74 1132 147 1191 Signa
158 1133 255 1178 dabant.
273 1130 376 1195 Qoties
388 1128 520 1192 Cyclopum
532 1127 642 1177 effervere
653 1130 679 1176 in
689 1144 757 1188 agros
889 1159 890 1192 q

74 1198 186 1246 Vidimus
195 1199 327 1246 undantem
340 1197 416 1258 ruptis
428 1197 563 1244 fornacibus
574 1201 693 1254 Aetnam,
791 1200 800 1204 “
889 1199 890 1206 ’

75 1262 286 1326 Flammarumque
299 1263 390 1327 globos,
403 1261 576 1325 liquefactaque
587 1263 680 1313 volvere
693 1260 764 1311 saxa?

73 1335 209 1379 Armorum
220 1333 324 1380 sonitum
335 1340 389 1380 toto
401 1331 531 1380 Germania
543 1329 608 1380 coelo

76 1397 178 1456 Audiui
198 1395 299 1448 insolitis
310 1408 458 1446 tremuerunt
469 1397 666 1461 motibusAlpes.
745 1407 746 1419 ¹
791 1425 795 1432 ·

72 1467 130 1512 Vox
142 1481 237 1525 quoque
250 1481 291 1524 per
302 1462 366 1512 lucos
376 1461 447 1525 vulgo
459 1463 570 1513 exaudita
581 1464 674 1514 silentes
708 1465 709 1472 ¹

73 1534 174 1588 Ingens,
187 1539 211 1576 et
223 1527 343 1577 simulacra
355 1532 430 1578 modis
441 1527 555 1590 pallentia
568 1531 634 1578 miris

71 1594 133 1643 Visa
145 1593 323 1640 subobscurum
333 1595 421 1650 nostia,
439 1595 583 1656 pecudesque
594 1594 695 1654 locutae,
726 1609 730 1621 ·
749 1631 753 1638 .

73 1658 224 1710 Infandum!
243 1657 325 1707 fistunt
337 1675 427 1717 amnes,
440 1669 562 1721 terraeque
572 1660 706 1718 dehiscunt3
889 1713 890 1734 Χ

73 1732 108 1776 Et
121 1724 239 1774 moestum
252 1724 387 1788 illacrymat
397 1724 495 1788 templis
506 1727 570 1784 ebur,
584 1743 683 1789 aeraque
694 1721 810 1776 sudant:'¹

73 1791 171 1842 Proluit
183 1791 265 1841 insano
276 1803 437 1855 contorquens
446 1795 533 1844 vortice
543 1792 612 1848 filvas
626 1830 627 1838 ,

74 1859 214 1908 Fluviorum
226 1877 267 1908 rex
279 1860 409 1919 Eridanum
429 1862 570 1924 camposque
581 1880 625 1926 per
635 1879 719 1914 omnes
889 1911 890 1918 ,

75 1931 140 1974 Cum
152 1925 247 1975 stabulis
258 1937 366 1976 armenta
378 1926 441 1978 tulit.
461 1933 513 1986 Nee
523 1939 632 1992 tempore
644 1934 728 1982 eodem
804 1945 809 1954 ·
889 1921 890 1940 ¹

75 1991 194 2041 Tristibus
202 2003 246 2042 aut
257 1994 318 2042 extis
329 1994 400 2058 fibrae
412 2012 523 2056 apparere
534 1996 645 2058 minaces,

75 2063 133 2108 Aut
143 2060 223 2122 puteis
235 2075 331 2108 manare
341 2077 409 2110 cruor
420 2059 527 2119 cellarit3
548 2071 571 2110 et
583 2063 632 2113 alte
742 2113 751 2131 ⁴

74 2129 123 2174 Per
133 2129 230 2174 nostem
242 2126 356 2184 resonare,
369 2125 431 2188 lupis
440 2125 594 2188 ululantibus,
608 2131 684 2179 urbes.

75 2195 136 2241 Non
147 2191 207 2240 alias
217 2191 282 2242 coelo
294 2193 427 2242 ceciderunt
439 2191 506 2254 plura
517 2194 596 2244 sereno

76 2258 194 2320 Fulgura3
213 2276 257 2308 nec
268 2261 313 2308 diri
324 2261 396 2310 toties
407 2260 479 2308 arsere
490 2272 604 2314 cometae.

75 2329 141 2387 Ergo
154 2325 217 2374 inter
228 2327 273 2373 sese
283 2329 378 2387 paribus
388 2343 523 2378 concurrere
534 2328 588 2378 telis

77 2394 203 2441 Romanas
215 2393 274 2440 acies
285 2393 369 2442 iterum
382 2395 459 2444 videre
472 2393 593 2458 Philippi:

76 2460 125 2508 Nec
138 2459 188 2506 fuit
201 2458 324 2519 indignum
335 2462 430 2522 superis,
443 2465 479 2511 bis
490 2463 601 2524 sanguine
612 2463 707 2517 uoslro'
729 2497 732 2508 ·

74 2524 229 2584 Emathiam,
242 2535 266 2574 et
278 2525 339 2576 latos
350 2530 436 2577 Haemi
448 2531 595 2591 pinguescere
606 2549 712 2596 campos.

74 2592 172 2640 Scilicet
183 2601 209 2640 et
220 2601 316 2654 tempus
326 2596 411 2654 reniet,
424 2597 479 2652 ciun
492 2595 578 2648 finibus
588 2598 634 2649 illis

74 2657 202 2719 Agricola,
216 2659 312 2708 incurvo
323 2670 408 2710 terram
421 2661 519 2712 molitus
529 2675 617 2728 aratro,

74 2725 157 2775 Exesa
168 2726 272 2777 invene
282 2727 361 2779 scabra
371 2729 479 2789 rubigine
489 2729 552 2792 pila:
606 2768 608 2773 ·
642 2779 647 2786 ,
671 2761 674 2768 .

422 2795 483 2846 Da
603 2816 606 2820 ·
