1804 2904
10 31 28 56 ²
74 72 113 120 aa.
218 59 571 129 osonupran
624 77 669 125 53,
755 33 760 42 ’

74 166 126 211 Nec
137 178 186 210 non
196 172 220 211 et
230 162 311 211 sterilis
323 181 383 226 quae
395 163 502 224 stirpibus
510 165 561 214 exit
572 168 602 214 ab
615 167 679 226 imis,
701 158 707 163 ⁵

76 233 129 277 Hoc
143 231 223 289 saciet,
235 247 321 278 vacuos
332 231 348 277 sr
361 231 389 278 srt
401 230 487 290 digesta
499 246 541 292 per
552 249 634 294 agrosa

75 299 147 344 Nunc
159 295 221 345 altae
232 300 335 355 frondes,
348 309 372 345 et
383 299 443 344 rami
456 299 539 346 matris
550 311 662 360 opacant,

75 365 240 427 Crescentique
248 365 356 412 adimunt
367 367 453 424 foetus,
464 376 585 428 uruntque
596 371 723 418 serentem.

74 434 140 495 Jam,
154 451 213 495 quae
225 431 349 479 seminibus
358 431 426 493 justis
438 433 459 480 se
470 432 561 482 sustulit
572 437 649 495 arbos,

74 499 156 548 Tarda
167 500 240 556 venit,
253 497 306 545 seris
315 501 404 546 sasiura
416 501 542 560 nepotibus
552 505 677 551 umbram:

75 569 197 628 Pomaque
209 568 349 626 degenerant
363 567 440 614 succos
452 567 527 615 oblita
538 570 644 628 priores:

75 637 109 682 Et
120 646 199 693 turpes
211 634 292 680 avibus
302 637 413 694 praedam
424 637 470 682 fera
479 651 525 682 uva
536 651 649 686 racemos.

76 699 168 749 Scilicet
180 701 290 750 omnibus
301 700 333 748 cll
343 701 410 750 labor
420 703 601 762 impendendus,
614 714 737 754 et-omnes
820 719 825 726 ’
891 745 892 752 ,

75 769 199 828 Cogendae
211 768 235 814 in
248 767 345 828 sulcum,
362 785 388 816 ac
401 768 477 816 multa
489 773 594 818 mercede
606 774 751 820 domandae.
781 775 788 786 ⁴
891 765 892 772 ἵ

76 837 121 881 Sed
130 835 220 882 truncis
227 833 291 884 oleae
304 835 394 893 melius,
408 837 538 896 propagine
547 839 606 884 vises

75 901 243 962 Respondent3
263 902 336 950 solido
346 901 450 963 Paphi-ae
462 905 491 950 de
500 905 583 950 robore
594 913 694 964 myrtus.

76 966 169 1026 Plautia
181 973 263 1018 edurae
274 970 346 1032 coryli
356 971 491 1028 nascuntur,
503 981 530 1018 et
540 971 622 1030 ingens

75 1037 201 1097 Fraxinus,
214 1038 388 1099 Herculeaeque
399 1041 467 1085 arbos
476 1039 584 1084 umbrosa
596 1045 709 1094 coronae,'

75 1103 225 1168 Chaoniique
236 1107 310 1167 patris
322 1104 430 1164 glandes:
450 1103 521 1148 etiam
535 1105 607 1150 ardua
619 1101 700 1163 palma

76 1173 195 1231 Nascitur,
208 1182 233 1220 et
244 1172 307 1219 casus
318 1170 380 1216 abies
390 1169 464 1216 visura
473 1171 585 1217 marinos.

76 1239 188 1288 inseritur
199 1255 253 1284 vero
265 1254 295 1284 ex
306 1240 372 1283 foetu
385 1236 450 1283 nucis
462 1239 560 1283 arbutus
569 1237 679 1284 horrida:

75 1307 110 1352 Et
120 1305 204 1353 lleriles
215 1303 306 1365 platani
319 1302 394 1350 malos
406 1301 488 1362 gessere
500 1302 613 1363 valentes,

77 1371 203 1418 Castaneae
212 1374 287 1431 sagus,
300 1371 416 1430 ornusque
425 1369 531 1418 incanuit
543 1368 597 1418 albo
630 1399 633 1402 ·
744 1423 745 1430 ἵ

77 1437 144 1485 Flore
156 1439 222 1500 pyri:
242 1436 399 1498 glandemque
412 1437 461 1485 sues
472 1438 560 1498 fregere
570 1438 612 1485 sub
624 1437 704 1486 ulmis.

75 1507 127 1558 Nec
136 1508 220 1554 modus
229 1505 333 1564 inserere,
347 1515 419 1566 atque
431 1503 511 1552 oculos
519 1505 642 1566 imponere
655 1503 766 1568 simplexa

76 1575 143 1620 Nam
154 1589 202 1634 qua
213 1573 234 1620 se
244 1573 322 1620 medio
331 1574 431 1620 trudunt
440 1574 469 1620 de
476 1573 563 1620 cortice
575 1589 693 1633 gemmae,

75 1644 110 1690 Et
120 1652 203 1689 tenues
215 1650 330 1702 rumpunt
338 1640 443 1698 tunicas3
463 1639 573 1700 angustus
584 1641 609 1688 in
622 1641 671 1701 ipso
715 1670 718 1678 ι

72 1709 116 1757 ult
129 1711 192 1756 nodo
202 1707 276 1755 smus:
296 1709 351 1756 huic
361 1706 437 1754 aliena
446 1723 475 1756 ex
488 1709 569 1754 arbore
581 1722 675 1766 germen
723 1712 726 1718 '

78 1775 218 1833 Includunn
225 1777 320 1834 udoque
329 1777 415 1822 docent
427 1771 550 1820 inolescere
561 1771 632 1819 libro.

55 1875 57 1882 ,
77 1847 132 1890 Aut
145 1843 233 1889 rursum
246 1843 331 1887 enodes
340 1839 417 1888 trunci
430 1837 569 1895 resecantur,
582 1847 606 1885 et
618 1835 665 1886 alte

40 1902 44 1905 ⁵
78 1909 188 1957 Finditur
199 1907 223 1953 in
236 1907 334 1953 r'olidum
347 1908 425 1952 cuneis
436 1905 487 1951 via:
507 1904 592 1952 deinde
603 1907 690 1954 feraces

78 1975 178 2024 Plantae
190 1974 368 2022 immittuntur:
389 1989 431 2019 nec
443 1969 541 2032 longum
553 1981 658 2034 tempus,
672 1981 696 2022 e‘c
708 1971 791 2034 ingens·

78 2044 147 2092 Exiit
158 2044 189 2090 ad
199 2039 290 2090 coelum
302 2039 374 2088 ramis
386 2039 492 2088 felicibus
502 2041 580 2099 arbos,

79 2111 229 2171 Miraturque
242 2125 314 2156 novas
327 2110 431 2165 frondes,
443 2116 466 2156 er
480 2123 529 2154 non
541 2107 580 2155 sua
592 2125 671 2169 poma.

79 2181 202 2226 Praeterea
212 2193 283 2238 genus
295 2176 359 2222 haud
368 2191 451 2234 unum,
465 2191 507 2222 uec
517 2175 617 2222 sonibus
626 2173 706 2232 ulmis,

80 2249 133 2293 Nec
142 2244 214 2302 salici,
227 2241 332 2304 lotoque,
347 2259 389 2290 nec
403 2242 476 2290 Idaeis
486 2241 615 2304 cypariffis:

80 2314 132 2360 Nec
142 2312 239 2371 pingues
249 2327 322 2358 unam
334 2311 358 2356 in
369 2309 453 2358 faciem
463 2309 589 2356 nascuntur
598 2305 684 2365 olivae,

82 2379 200 2436 Orchites,
215 2389 239 2425 et
252 2377 319 2436 radii,
333 2386 357 2426 et
369 2393 448 2424 amara
457 2375 535 2437 pausia
545 2377 624 2432 bacca,

82 2447 213 2504 Pomaque,
226 2455 251 2492 et
262 2445 361 2492 Alcinoi
370 2443 452 2492 filvae:
472 2459 515 2491 nec
526 2439 625 2489 circulus
634 2441 696 2490 idem
731 2487 741 2498 κ

81 2509 228 2570 Crustumiis,
242 2511 443 2573 Syriisquepyris,
457 2509 611 2572 gravibusque
621 2506 727 2556 volemis.

82 2579 139 2624 Non
151 2580 232 2625 eadem
243 2579 364 2627 arboribus
375 2581 462 2640 pendet
474 2577 593 2624 vindemia
604 2575 696 2634 nostris,

84 2641 163 2704 Qarn
176 2645 348 2706 Methymnaeo
359 2646 434 2708 carpit
446 2646 474 2692 de
486 2641 585 2704 palmite
595 2641 691 2692 Lesbos.

84 2710 144 2756 sunt
151 2709 254 2764 Tuum
263 2714 331 2776 ritca,
342 2712 399 2768 stur
410 2723 434 2766 et
443 2710 588 2766 Maeotidas
599 2708 665 2761 albae
672 2723 686 2756 :v
766 2731 769 2738 ⁴

10 2801 145 2874 ‘X
