1818 2914
82 23 90 40 ⁸
174 69 431 120 AENEIDOS
466 71 637 120 nruvu.
682 69 740 134 592.
789 85 839 135 223

91 177 158 224 biam
171 169 231 220 mihi
242 180 312 232 parta
322 170 397 232 quies,
409 169 533 232 omnisque
544 169 568 217 in
580 165 664 219 limine
675 180 774 232 portus:

95 244 186 290 Funere
198 236 259 285 felici
271 236 366 299 spolior.
385 237 436 285 Nec
446 236 513 298 plura
525 235 627 296 locutus,
688 241 690 244 '

95 304 174 368 Sepfit
185 305 293 362 serenis,
305 319 431 366 rerumque
442 303 537 366 reliquit
549 304 661 352 habenas.

128 377 185 421 Mos
196 382 246 420 erat
258 370 371 432 Hesperio
383 371 411 430 in
418 371 501 430 Latio,
513 387 583 432 quem
597 372 707 432 protinus
718 374 788 422 urbes

95 438 206 490 Albanae
219 437 311 487 coluere
322 438 422 495 sacrum,
435 453 498 486 nunc
508 438 612 487 maxima
621 453 699 488 rerum

97 511 176 555 Roma
187 504 318 564 colit;ci1m
329 504 407 566 prima
418 515 516 553 movent
528 505 552 552 in
564 503 652 566 proelia
664 509 785 566 Martem

98 575 150 622 Sive
160 573 229 622 Getis
240 573 326 620 inferre
338 587 410 619 manu
422 569 573 632 lacrymabile
584 571 682 631 bellum,

43 635 47 645 ’
97 639 251 702 Hyrcanisve,
264 638 378 689 Arabisve
388 650 484 700 parant,
497 639 535 687 seu
546 641 641 687 tendere
651 643 682 689 ad
694 642 776 703 indos,

98 709 269 765 Auroramque
279 705 351 766 sequi,
365 705 512 766 Parthosque
524 706 640 766 reposcere
651 705 723 768 signa.

24 817 30 834 ,
100 773 163 822 Sunt
175 773 280 832 geminae
292 769 347 820 belli
358 779 441 832 portae
455 771 496 834 (stc
509 773 605 820 nomine
615 773 709 837 dicunt)

99 837 234 899 Relligione
246 838 330 896 sacrae,
342 849 367 887 et
378 839 438 886 saeui
451 840 577 887 formidine
589 841 690 888 Martis:

99 909 203 954 Centum
216 906 276 954 aerei
287 903 401 954 claudunt
413 907 497 963 vestes,
509 916 650 967 aeternaque
662 907 717 956 ferri
732 941 736 948 ,

36 1013 39 1020 .
100 975 211 1020 Robora:
232 989 275 1020 nec
285 971 362 1020 custos
373 971 461 1020 absrstit
473 971 554 1022 lirnine
566 977 648 1036 Janus.

98 1041 161 1095 Has,
172 1039 212 1086 ubi
222 1047 286 1088 certa
296 1039 360 1087 sedet
372 1039 479 1100 patribus
489 1039 604 1088 sententia
616 1055 718 1102 pugnae,

98 1104 161 1166 lpse,
176 1105 292 1170 Qin'nali
302 1109 384 1155 trabea
395 1106 519 1167 cintiuque
528 1107 625 1155 Gabino

24 1191 27 1204 ν
93 1169 208 1231 insignis,
221 1173 304 1222 reserat
316 1171 437 1222 stridentia
447 1171 531 1222 limina
542 1173 639 1234 consul;
692 1225 694 1230 ,

98 1238 150 1298 lpse
162 1249 230 1288 vocat
241 1255 345 1302 pugnas:
365 1240 470 1302 sequitur
480 1251 532 1290 tum
544 1252 635 1290 caetera
647 1243 733 1304 pubet:

98 1307 223 1366 Aereaque
236 1304 323 1354 allensu
334 1309 470 1368 conspirant
481 1323 569 1356 cornua
580 1325 657 1358 rauco.

96 1373 153 1418 Hoc
164 1381 188 1418 et
199 1381 254 1420 tum
265 1373 384 1420 Aeneadis
395 1374 496 1420 indicere
507 1373 569 1422 bella
580 1377 682 1425 Latinus
758 1399 759 1403 ¹

97 1439 170 1484 More
179 1436 314 1495 iubebatur,
323 1435 444 1496 tristesque
454 1437 570 1486 recludere
580 1452 670 1499 portas.

99 1498 228 1552 Abstinuit
241 1501 305 1548 tatiu
317 1509 393 1561 pater,
406 1501 540 1562 aversusque
551 1507 636 1564 refugit
726 1521 730 1530 ·

100 1569 179 1616 Foeda
193 1563 329 1624 ministeria,
342 1575 367 1614 et
378 1567 452 1614 caecis
465 1567 487 1614 se
498 1569 604 1618 condidit
617 1572 715 1622 umbris.
727 1575 729 1582 '

98 1633 260 1695 Tumregina
270 1631 352 1681 Dellrn
364 1631 430 1682 coelo
441 1631 542 1696 delapsa,
555 1645 675 1686 morantes

100 1697 202 1761 impulit
214 1699 263 1761 ipsa
275 1715 347 1748 manu
358 1710 449 1762 portas,
462 1711 486 1750 et
496 1703 591 1751 cardine
602 1704 675 1764 verso,

99 1765 159 1816 Belli
172 1769 272 1815 ferratos
282 1768 345 1828 rupit
358 1768 469 1816 Saturnia
479 1769 564 1831 polles.

134 1836 214 1882 Ardet
226 1834 328 1883 inexcita
340 1835 456 1895 Ausonia,
467 1846 539 1899 atque
551 1838 681 1890 immobilis
692 1851 756 1892 ante.

101 1902 160 1948 Pars
172 1902 241 1960 pedes
252 1901 285 1948 ire
296 1912 364 1962 parat
376 1907 480 1964 campis3
499 1923 554 1966 pars
565 1909 651 1955 arduus
663 1907 718 1958 altis

99 1964 280 2015 Pulaenrlentus
288 1970 355 2030 equis
364 1969 438 2016 'furite
457 1987 540 2020 ornnes
548 1989 615 2020 arma
626 1976 756 2035 requirunt.

100 2035 160 2082 Pars
172 2031 232 2080 leves
244 2032 347 2095 clypeos,
360 2043 384 2082 et
396 2035 482 2094 spicula
494 2036 570 2086 lucida
581 2049 679 2098 tergunt
739 2064 747 2079 ι

99 2100 195 2147 Arvina
207 2099 298 2161 pingui,
310 2101 467 2162 subiguntque
478 2103 504 2149 in
515 2113 568 2152 cote
580 2103 681 2152 secures:

99 2166 219 2226 Signaque
230 2168 289 2214 ferre
298 2166 375 2228 juvat,
388 2168 522 2230 sonitusque
533 2170 613 2218 audire
623 2171 744 2223 tubarum.

99 2232 213 2296 Qinque
223 2235 282 2300 arleo
293 2248 393 2294 magnae
404 2233 485 2294 postris
496 2234 619 2284 incudibus
630 2241 697 2288 urbes

25 2309 26 2312 ’
78 2311 80 2321 ’
99 2296 162 2347 Tela
174 2308 280 2348 novant:
300 2301 378 2350 Atina
390 2309 485 2360 potens,
497 2301 620 2365 Tiburque
631 2305 764 2368 superbum,

99 2365 191 2422 Ardea,
204 2365 403 2428 Cnrllumerique,
415 2377 439 2416 et
447 2369 574 2430 turrigerae
584 2375 729 2422 Antemnae.

98 2432 219 2491 Tegmina
231 2441 284 2480 tuta
295 2441 380 2482 cavant
392 2437 666 2499 capitum,.fle(luntque
677 2439 777 2502 salignas

99 2500 241 2546 Umbonunr
253 2508 340 2547 crates:
360 2499 400 2548 alii
410 2501 520 2551 thoracas
530 2504 629 2563 ahenos,
677 2523 680 2530 ·

99 2567 156 2612 Aut
166 2561 229 2610 leves
240 2580 317 2613 ocreas
329 2565 394 2616 lento
402 2565 492 2618 ducunt
504 2581 610 2632 argento.

99 2629 209 2677 Vomeris
219 2627 265 2678 huc
275 2641 300 2680 et
311 2630 378 2681 lalcis
388 2634 473 2695 honos,
486 2636 533 2684 huc
545 2638 623 2686 omnis
634 2638 706 2687 aratri
786 2635 791 2644 '

99 2694 173 2746 Cerlit
185 2711 265 2746 arnor:
284 2711 414 2762 recoquunt
426 2703 516 2766 patrios
525 2704 660 2754 fornacibus
669 2703 741 2752 enses.

827 2783 885 2836 l
