1806 2912
86 53 137 103 πμ
188 45 444 94 annnrnos
476 45 560 92 nin.
591 27 626 92 xl
676 45 721 106 187

86 141 161 204 Cujus
169 141 275 192 olorinae
285 145 381 204 surgunt
392 143 420 188 de
429 141 514 196 vertice
522 157 629 202 pennae:

85 207 183 256 Crimen
195 225 262 258 amor
272 207 380 264 vestrum,
393 210 529 268 formaeque
539 205 625 268 insigne
634 219 757 268 patcnrae.

85 277 198 338 Namque
207 278 293 330 serunt,
304 271 368 320 lustu
377 275 485 332 Cycnum
495 273 652 323 Phaethontis
661 275 748 335 amati,

85 341 201 402 Populeas
212 343 273 389 inter
283 340 387 396 frondes,
401 340 557 400 umbramque
568 339 673 387 sonorum

85 409 152 456 Dum
163 407 234 463 canit,
246 415 269 453 et
279 403 397 450 moestum
403 406 472 453 Musa
482 403 569 453 solatur
579 421 695 464 amorem,

85 478 213 523 Canentem
224 467 290 538 molli
302 468 384 532 pluma
393 469 484 518 duxisse
493 471 619 528 senesiam

82 540 240 600 Linquentem
253 546 338 595 terras,
350 545 374 584 et
386 535 457 585 sidera
468 553 523 584 voce
535 537 679 598 sequentem.

84 604 153 653 Filius
163 601 272 664 aequales
283 603 412 652 comitatus
423 601 489 651 classe
499 611 613 662 catervas,

83 673 203 728 ingentem
215 671 287 718 remis
296 673 441 720 Centaurum
454 679 593 731 promovet:
612 668 651 718 ille

80 734 154 783 lullae
164 751 250 797 aquae,
262 737 393 798 saxumque
403 737 473 786 undis
483 737 588 784 immane
599 737 704 784 minatur

79 802 188 861 Arduus,
200 813 225 852 et
238 801 310 865 longa
321 803 395 853 sulcat
406 804 480 852 maria
491 801 539 852 alta
552 803 639 852 carina.

79 863 123 914 llle
133 869 206 916 etiam
217 871 303 931 patriis
311 887 395 932 agmen
405 871 450 919 ciet
460 874 540 918 Ocnus
549 873 580 917 ab
592 870 649 928 oris,

79 933 201 984 Fatidicae
210 935 312 986 Manths
323 949 349 986 et
356 939 426 986 Tusci
438 937 499 986 filius
508 938 596 995 amnis3

81 1000 131 1064 Qi
143 1018 233 1062 muros,
245 1005 373 1066 matrisque
382 1005 447 1052 dedit
458 1004 513 1062 tibi,
525 1007 636 1062 Mantua,
648 1017 749 1059 nomem

81 1068 188 1117 Mantua
198 1070 263 1118 dlves
272 1072 334 1118 avis:
354 1071 392 1118 sed
402 1087 451 1118 non
462 1087 533 1132 genus
543 1071 653 1118 omnibus
661 1083 745 1115 unum.

83 1135 150 1182 Gens
162 1134 197 1184 illi
207 1135 307 1195 triplex3
327 1135 407 1197 populi
419 1136 459 1181 siib
472 1144 541 1195 gente
552 1135 675 1194 quaterni;

54 1203 60 1212 “
83 1200 135 1260 lpsa
147 1211 218 1262 caput
229 1201 335 1262 populis:
354 1200 431 1248 Tusco
443 1201 472 1246 dc
482 1201 593 1258 sanguiue
601 1200 669 1248 vires.

81 1267 148 1316 Hinc
158 1283 253 1328 quoque
264 1267 406 1328 quingentos
414 1265 440 1311 in
451 1265 474 1312 sc
482 1265 616 1314 Mezentius
627 1274 715 1323 armat,

84 1335 152 1398 Qos
162 1342 230 1394 patre
242 1336 331 1381 Benaco
340 1329 432 1380 velatus
440 1331 554 1380 arundine
563 1327 645 1391 glauca

82 1399 188 1460 Mincius
198 1399 389 1452 inteuaducebat
399 1399 538 1464 inva'equora
546 1397 613 1458 pinu.

83 1467 107 1515 lt
119 1467 195 1528 gratis
205 1464 320 1525 Aulestes,
333 1475 479 1528 centenaque
491 1467 573 1513 arbore
583 1464 681 1524 fludtnm

82 1534 198 1586 Verberat
209 1531 338 1598 assurgens:
357 1534 469 1594 spumant
480 1533 540 1580 vada
552 1547 669 1580 marmore
680 1531 752 1579 verso.

83 1601 157 1650 Hunc
165 1601 231 1651 uehit
241 1599 353 1650 immanis
361 1601 460 1658 Triton,
473 1608 498 1648 ct
508 1597 599 1648 caerula
611 1596 700 1647 concha
794 1590 801 1604 “

85 1670 215 1716 Exterrens
226 1671 299 1716 freta:
320 1668 356 1716 cui
365 1665 466 1716 laterum
477 1675 547 1714 tenus
558 1665 648 1726 hispida
659 1663 727 1712 nanti

86 1736 161 1782 Frons
170 1734 291 1782 hominem
304 1737 415 1793 praefert,
428 1734 454 1780 in
467 1731 551 1780 Pristin
563 1731 647 1779 definit
656 1729 735 1787 alvan

86 1803 189 1860 Spumea
198 1800 304 1846 semiscro
315 1799 356 1846 stab
367 1803 462 1858 pectore
472 1807 604 1846 murmurat
614 1800 686 1845 unda.

84 1867 137 1914 Tot
149 1863 202 1912 teeti
210 1879 314 1925 proceres
323 1873 360 1912 ter
370 1863 437 1910 denis
448 1865 547 1911 naribus
557 1863 625 1910 ibant
731 1859 733 1866 ’

88 1925 293 1992 Subsidio‘Trojde,
306 1940 328 1978 et
338 1945 435 1990 campos
443 1928 495 1976 salis
506 1945 558 1976 aere
569 1929 687 1978 secabant.

122 2001 223 2062 Jamque
235 1998 283 2045 dies
294 1992 359 2046 coelo
368 1993 523 2046 concesserat:
542 1994 653 2056 almaque
661 2009 728 2044 curru

89 2065 221 2126 Notlivago
231 2065 325 2113 Phoebe
337 2065 441 2112 medium
450 2061 559 2124 pulsabat
567 2061 707 2124 Olympum.

90 2136 187 2181 Aeneas
196 2135 285 2193 (neque
296 2130 359 2178 enim
371 2131 485 2178 membris
495 2131 537 2176 dat
548 2145 603 2176 cura
615 2127 732 2190 quietem)

90 2199 142 2258 lpse
153 2198 232 2245 sedens
243 2196 383 2258 clavumque
391 2197 460 2256 regit,
472 2195 575 2256 velisque
586 2192 710 2242 minishat.

87 2267 173 2323 Atque
180 2261 214 2310 illi
224 2263 302 2310 medio
313 2265 338 2311 in
348 2263 423 2324 spatio
430 2262 516 2310 chorus
526 2277 578 2309 ecce
587 2259 678 2306 suarum

86 2329 195 2376 Occurrit
207 2329 337 2374 comitum:
358 2329 487 2390 Nymphae
499 2330 569 2389 (quas
580 2324 738 2386 ahnaCybele

83 2393 181 2438 Numen
192 2393 278 2439 habero
288 2396 367 2449 maris,
381 2395 553 2456 Nymphasque
565 2391 684 2439 suavibus
692 2389 738 2440 else

81 2452 194 2513 Julscrat)
207 2458 324 2506 innabant
334 2461 431 2518 pariter,v
444 2460 570 2519 liutiusque
579 2458 701 2516 secabant3

83 2517 151 2577 Qut
163 2521 227 2590 prius
239 2533 330 2570 aeratae
341 2525 453 2572 steterant
464 2529 493 2574 ad
502 2525 571 2572 litora
584 2539 674 2584 prorae.

84 2582 226 2635 Assflotcunt
236 2584 306 2646 longe
313 2604 401 2648 regem,
414 2589 562 2651 lustrantque
573 2589 672 2638 choreis.

87 2643 195 2704 Qum
206 2664 266 2707 quae
276 2655 343 2702 fandi
352 2655 493 2717 dotiislima,
503 2653 664 2718 Cymodocea,
