1806 2912
151 103 601 190 nnun‘rnosnru.1x.
651 121 710 168 or·
760 121 808 172 25⁹
886 89 887 96 ἵ

70 221 203 280 Purpureus
211 213 285 262 veluti
294 213 349 262 clim
360 213 402 261 flos
410 213 507 262 succisus
518 222 600 262 aratro

72 281 213 345 Languescit
221 281 336 338 moriena;
353 276 437 328 lassove
447 278 637 340 papaveracollo

73 349 196 400 Demislre
204 356 285 408 caput,
298 345 377 407 pluvia
385 347 440 394 crim
453 349 513 396 sorte
523 349 660 410 grauantur.

75 422 112 466 At
122 415 191 464 Nisus
200 415 246 462 ruit
258 413 283 461 iu
292 414 392 470 medios,
403 411 525 474 solumque
536 430 579 474 per
586 427 671 464 ornnes

74 481 220 532 Volscentem
233 481 305 542 petit:
325 480 350 527 in
362 478 411 526 solo
420 477 541 528 Volsceute
551 489 666 528 moratur.
677 501 678 504 ¹

74 551 152 612 Qrem
162 548 250 596 circum
260 546 384 608 glomerati
395 544 481 604 hostes,
492 546 549 594 hinc
557 547 665 595 cominus
673 555 746 609 atque
755 545 813 600 hina

74 617 228 664 Proturbant.
248 611 322 661 instat
333 629 383 660 non
393 611 474 669 secius,
486 628 513 660 ac
525 621 589 660 rotat
599 613 678 662 ensem

74 681 237 738 Fulmineum
256 681 331 732 donec
341 677 426 727 Rutuli
438 677 563 726 clamantis
575 679 599 726 in
611 695 651 728 ore

73 737 191 798 eonhidtt
201 746 304 803 adverso,
316 755 340 794 et
352 743 455 794 moriens
466 745 571 792 animam
583 744 678 796 abstulit
690 745 760 796 hosti.

72 817 97 864 Τ
99 830 142 862 um
154 811 221 873 super
231 813 363 862 exanimem
376 811 419 860 sese
429 811 528 874 projecit
539 814 641 860 amicum
669 829 672 832 ·

75 875 211 937 Contoffus,
225 877 364 940 placidaque
375 879 409 928 ibi
420 880 516 927 demum
530 887 606 926 morte
618 879 715 940 quierit.

75 945 202 996 Fortunati
213 945 295 993 ambo!
315 944 330 992 sr
343 946 402 1006 quid
412 959 464 992 mea
475 944 580 992 carmina
592 943 697 1005 possunt,

75 1011 150 1061 Nulla
161 1011 209 1060 dies
221 1027 327 1074 unquam
339 1011 437 1059 memori
448 1025 490 1058 ros
501 1010 590 1060 eximet
599 1027 671 1060 aevo:

74 1081 145 1129 Dum
156 1080 240 1128 domus
248 1082 347 1126 Aeneae
359 1075 465 1138 Capitoli
476 1076 597 1126 immobile
609 1077 691 1126 saxum

75 1143 188 1203 Accolet,
200 1145 373 1206 imperiumque
384 1155 451 1204 pater
463 1145 587 1192 Romanus
600 1143 706 1194 habebit.

109 1213 214 1260 Vitiores
225 1213 311 1273 praeda
324 1209 408 1260 Rutuli
418 1209 541 1272 spoliisque
553 1211 634 1271 potiti,

75 1277 224 1328 Volscentem
236 1278 371 1327 exanimem
384 1279 466 1328 flentes
478 1277 502 1325 in
514 1275 587 1325 casira
598 1279 715 1330 ferebant.

19 1389 22 1396 .
76 1347 129 1395 Nec
140 1347 218 1394 minor
228 1346 254 1392 in
265 1344 344 1394 casiris
356 1343 440 1401 lucius,
453 1344 589 1392 Rhamnete
601 1357 695 1405 reperto

75 1411 206 1471 Exsangui,
218 1420 242 1457 et
252 1411 335 1468 primis
344 1425 392 1456 uua
401 1419 439 1457 tot
448 1411 518 1456 caede
528 1412 648 1470 peremtis,

77 1481 234 1534 Serranoque,
248 1477 384 1533 Numaque.
404 1477 488 1532 ingens
499 1476 621 1522 concursus
632 1480 662 1526 ad
673 1479 723 1538 ipsa

77 1546 194 1603 Corpora,
207 1537 376 1598 seminecesque
388 1539 459 1595 viros,
471 1539 625 1600 tepidumque
636 1545 724 1591 recenti

77 1609 156 1657 Caede
168 1605 257 1661 lomim,
271 1613 295 1651 et
304 1601 387 1664 plenos
397 1603 517 1664 spumanti
528 1604 638 1665 sanguine
648 1607 718 1658 rivos.

77 1674 220 1735 Agnoscunt
231 1668 305 1732 spolia
318 1669 380 1718 inter
388 1671 419 1729 se,
431 1669 568 1731 galeamque
580 1673 698 1760 nicensem

77 1737 188 1800 Messapi,
200 1749 225 1787 et
235 1733 312 1786 multo
320 1735 428 1799 phaleras
439 1738 520 1784 sudore
529 1740 640 1799 receptas.

89 1831 92 1837 ·
111 1810 144 1856 Et
153 1807 204 1869 jam
216 1803 293 1865 prima
303 1821 365 1852 novo
376 1805 498 1866 spargebat
506 1801 595 1852 lumine
603 1815 679 1856 tetras

76 1873 180 1922 Tithoni
192 1887 298 1920 croceum
311 1869 420 1933 linquent
428 1875 523 1920 Aurora
534 1871 622 1932 cubile3
676 1881 679 1887 ’

76 1939 132 2001 Jam
143 1938 196 1987 Sole
208 1938 294 1996 infuso,
303 1938 352 2001 jam
366 1941 432 1986 rebus
444 1938 494 1986 luce
505 1940 615 1999 retesli53

76 2008 174 2054 Turnus
186 2005 211 2050 in
221 2019 287 2050 arma
296 2006 366 2062 viros,
379 2006 450 2052 armis
462 2006 620 2056 circumdatus
631 2007 689 2068 ipse,

77 2071 191 2128 Suscitat,
204 2069 337 2131 aerataspue
348 2071 407 2118 acies
419 2071 443 2117 in
455 2071 544 2132 proelia
555 2073 629 2132 cogit,

78 2138 184 2202 Qrisque
195 2135 258 2192 suos;
278 2135 392 2197 variisque
403 2147 490 2185 acuunt
500 2139 632 2186 rumoribus
643 2137 698 2186 iras.

78 2205 144 2269 Qin
157 2201 206 2263 ipsa
215 2202 309 2254 arrectis
322 2201 382 2266 (visu
391 2201 531 2264 miserabile)
545 2205 569 2250 in
579 2202 651 2252 hastis

78 2268 214 2330 Praetigunt
225 2267 314 2330 capita,
326 2277 351 2318 et
362 2267 440 2318 multo
449 2267 552 2317 clamore
560 2269 698 2333 sequuntur,

77 2335 174 2398 Euryali
186 2345 210 2384 et
222 2333 281 2384 Nisr.
339 2351 342 2364 ’
448 2379 449 2384 ,

77 2403 204 2451 Aeneadae
215 2403 268 2451 dun'
280 2417 400 2450 murorum
413 2401 516 2464 inparte
528 2401 616 2453 sinistra

76 2467 211 2530 Opposusre
223 2467 296 2516 aciem
309 2471 376 2532 (nam
387 2470 483 2518 dextera
492 2471 595 2533 cingitur
603 2471 681 2536 amni)

75 2535 230 2596 ingentesque
238 2544 320 2584 tenent
333 2533 410 2595 iosias,
422 2546 447 2585 et
456 2538 623 2588 turribusaltis

75 2607 147 2649 Stant
160 2601 253 2650 moesti:
274 2601 341 2651 simul
349 2619 390 2651 ora
399 2601 477 2652 virilm
489 2605 593 2665 praefixa
604 2605 726 2663 ridebant,

74 2672 141 2716 Nota
151 2669 222 2716 nimis
230 2669 327 2728 miseris,
341 2679 439 2732 atroque
449 2672 545 2720 fluentia
553 2674 619 2718 tabo.

110 2737 201 2783 interca
212 2735 323 2796 pauidum
333 2735 435 2786 volitans
446 2747 551 2800 pennata
560 2755 602 2801 pet
611 2739 705 2794 urbemi
766 2783 769 2788 .

789 2801 884 2878 s
