1814 2910
208 60 499 108 onerantia.
530 57 572 106 tv·
622 71 678 118 reo
786 57 817 122 83
895 79 896 116 1

102 159 142 205 At
154 173 206 204 non
219 159 323 218 Cyrene:
343 173 446 218 namque
458 155 523 206 uitro
534 155 606 222 affata
617 158 758 208 timenteutt

66 226 144 281 Nate,
158 223 214 272 iicet
226 223 302 273 tristes
312 225 392 273 animo
401 227 518 284 deponere
530 239 604 272 curas.
654 253 658 260 ·

65 293 133 338 Haec
143 291 223 338 omnis
232 293 310 338 morbi
319 289 408 349 cauihu
426 291 483 338 hinc
494 289 626 340 miserabile
635 292 787 354 Nymphae,-

68 361 132 406 Cum
143 359 230 420 quibus
240 357 281 406 illa
289 359 373 409 choros
385 356 443 405 lucis
454 359 557 417 agitabat
570 358 595 408 in
607 356 673 419 altis,

895 137 896 158 1

895 179 896 204 1

895 225 896 264 1

895 311 896 360 1

67 425 180 472 Exitium
193 425 274 474 misere
285 428 384 485 apibus:
394 433 431 477 'tu
443 440 539 473 munera
550 423 650 490 supplex

67 491 163 550 Tende,
174 500 259 552 petens
268 509 360 552 pacem,
372 500 399 540 et·
408 490 488 538 faciles
498 509 605 540 venerare
615 497 738 554 Napaeas}
840 545 847 561 ἱ
895 479 896 550 1

66 561 184 618 Namque
195 561 288 606 dabunt
297 559 389 606 veniam
403 559 474 615 votis,
486 559 576 618 irasque
586 561 720 611 remittent.
814 627 817 638 .
895 575 896 664 q

895 749 896 774 1

895 777 896 818 1

895 819 896 854 1

895 899 896 924 1

895 963 896 992 r

69 628 117 672 Sed
129 627 218 680 modus
228 627 312 674 orandi
323 627 364 687 qui
376 625 413 684 srt,
429 626 585 690 priuslordine
595 625 692 675 dicam.»

68 691 185 756 Qatuor
196 692 296 740 eximios
307 693 433 754 praestanti
442 709 540 753 corpore
550 703 638 752 tauros,

95 759 124 805 ui
134 758 183 809 tibi
194 773 257 806 nunc
267 759 346 808 viridis
356 761 484 821 depascunt
493 761 584 807 summa
591 762 687 824 Lycaei,

65 827 111 873 De
123 827 170 885 ige,
182 834 206 874 et
217 825 304 875 intaeta
315 828 416 878 totidem
428 829 515 876 cervice
523 827 642 889 juvencas.

69 893 185 957 Qtatuor
195 892 232 940 his
240 910 293 942 aras
302 893 351 943 alta
362 897 393 945 ad
403 893 500 942 delubra
507 897 615 944 near-um
650 921 654 928 ⁴

64 958 203 1032 Fonststue,
216 969 239 1008 et
252 961 343 1008 sacrum
353 959 440 1021 jugulis
451 961 681 1010 demittere-,tumme
697 1022 702 1025 „

68 1027 225 1087 Corporaque
237 1026 369 1086 ipsa-boum
381 1026 492 1074 frondoso
501 1027 576 1076 desere
587 1025 649 1076 luco.

69 1091 137 1150 Post,
149 1093 190 1140 ubi
202 1109 266 1142 nona
277 1093 329 1141 suos
338 1098 434 1141 Aurora
444 1091 571 1143 ostenderit
579 1104 655 1154 ortua,

69 1159 172 1206 Inferias
181 1160 273 1220 Orphei
282 1160 387 1210 Lethaea
398 1177 514 1222 papavera
525 1163 617 1222 mittes,

10 1227 12 1260 1
69 1223 196 1274 Placatam
204 1227 338 1289 Eurydicen
349 1227 424 1276 vitula
435 1231 573 1278 venerabere
584 1229 658 1288 caesa,

67 1293 105 1340 Et
115 1292 208 1352 nigra-m
217 1295 329 1344 matiabis
337 1313 415 1354 ovem,
429 1293 556 1358 lucumque
564 1298 653 1346 revises.

104 1361 178 1408 Haud
189 1376 269 1409 mora:
288 1366 403 1411 contiuuo
415 1363 628 1426 matrispraecepta
637 1365 739 1416 facetiitt

67 1425 115 1473 Ad
126 1425 226 1474 delubra
233 1429 312 1486 venit;
332 1428 474 1478 monstratas
482 1435 570 1481 excitat
582 1449 646 1480 arast

67 1493 185 1554 Qntuor
194 1493 293 1539 eximios
301 1495 429 1552 praestanti
437 1513 534 1556 corpore
540 1505 632 1548 tauros.

65 1557 161 1612 Ducit,
175 1563 200 1602 et
212 1555 300 1603 intaeta
311 1559 411 1604 totidem
421 1562 507 1607 cervice
516 1563 633 1621 juvencae.

10 1675 11 1686 ἵ
67 1620 138 1678 Post,
153 1621 196 1670 ubi
207 1637 273 1669 nona
281 1621 334 1670 suos
342 1627 437 1671 Aurora
447 1625 571 1674 induxerat
580 1637 657 1686 ortus,

10 1695 12 1746 1
67 1689 173 1738 inferias
182 1688 274 1749 Orphei
286 1689 373 1748 mittit,
386 1687 512 1751 lucumque
521 1691 605 1741 revisit.
895 1735 896 1748 ,

10 1767 11 1802 ῑ
68 1754 118 1804 Hic
127 1772 184 1803 vero
193 1754 296 1804 subitum
305 1773 333 1805 ac
344 1757 407 1805 dictu
419 1757 526 1806 mirabile
537 1759 669 1812 monstrum
751 1792 754 1798 ‚
823 1797 827 1803 -
895 1803 896 1810 ,

71 1819 209 1883 Aspiciunt,
222 1821 348 1888 liquefaeia
361 1827 432 1872 boum
445 1842 488 1886 per
498 1827 582 1876 viscera
594 1839 649 1884 toto

71 1889 173 1938 stridere
184 1889 239 1951 ap‘ea
251 1901 325 1951 utero,
338 1902 363 1940 et
374 1896 450 1953 ruptis
462 1893 569 1946 ethnere
581 1895 662 1957 costist

71 1957 246 2018 immensasque
255 1959 321 2007 trahi
332 1961 418 2009 nubes:
435 1961 533 2022 jamque
544 1965 731 2016 arboresumma
796 2016 799 2022 ,

68 2023 203 2080 Conflucre,
216 2032 240 2072 et
252 2023 400 2072 lentisuram
412 2029 536 2076 demittere
547 2032 627 2077 ramis.

102 2093 168 2136 Haec
180 2090 367 2149 superuenerunt
380 2090 455 2148 cultu,
467 2107 626 2154 pecorumque
637 2101 762 2158 canebam,

69 2158 102 2204 Et
111 2156 178 2216 super
188 2157 323 2214 arboribus3
344 2157 428 2205 Caesar
436 2159 493 2204 dum
502 2175 601 2220 magnus
611 2164 643 2208 nd
654 2161 731 2212 altum

69 2221 192 2270 Fulminat
201 2223 350 2282 Euphratem
360 2221 433 2281 bello,
445 2225 565 2288 vitiorque
576 2227 684 2277 volentes

70 2292 113 2338 Per
122 2287 225 2350 populos
234 2290 344 2350 datjera,
358 2291 468 2352 viamque
479 2292 573 2342 aiietiat
583 2294 697 2358 Olympo.

71 2354 112 2402 iiio
121 2354 247 2416 Virgilium
258 2371 296 2404 me
306 2365 415 2417 tempore
425 2358 499 2408 dulcis
507 2359 587 2408 alebat

72 2423 231 2481 Parthenope,
242 2420 321 2471 studiis
331 2426 452 2472 florentem
463 2425 574 2487 ignobilis
583 2428 635 2478 oti:

70 2489 182 2536 Carmina
195 2489 237 2549 qui
247 2488 290 2536 tufi
303 2491 434 2550 pastorum
454 2496 579 2556 audaxque
587 2497 695 2560 juventa,

70 2553 163 2615 Tityre,
176 2566 201 2604 te
214 2555 309 2618 patulae
318 2558 553 2622 cecinisubtegmine
561 2563 616 2624 sagi.
