<?xml version="1.0" encoding="UTF-8"?>
<!DOCTYPE html PUBLIC "-//W3C//DTD XHTML 1.0 Transitional//EN"
    "http://www.w3.org/TR/xhtml1/DTD/xhtml1-transitional.dtd">
<html xmlns="http://www.w3.org/1999/xhtml" xml:lang="en" lang="en">
 <head>
  <title>
</title>
<meta http-equiv="Content-Type" content="text/html;charset=utf-8" />
  <meta name='ocr-system' content='tesseract 3.04.00' />
  <meta name='ocr-capabilities' content='ocr_page ocr_carea ocr_par ocr_line ocrx_word'/>
</head>
<body>
  <div class='ocr_page' id='page_1' title='image "./bucolicageorgic03virggoog/bucolicageorgic03virggoog_0283.png"; bbox 0 0 1806 2912; ppageno 0'>
   <div class='ocr_carea' id='block_1_1' title="bbox 166 33 892 141">
    <p class='ocr_par' dir='ltr' id='par_1_1' title="bbox 166 33 892 141">
     <span class='ocr_line' id='line_1_1' title="bbox 166 33 892 141; baseline -0.021 -21"><span class='ocrx_word' id='word_1_1' title='bbox 166 65 603 141; x_wconf 71' lang='lat' dir='ltr'>Aruernos-trau.</span> <span class='ocrx_word' id='word_1_2' title='bbox 654 62 713 128; x_wconf 66' lang='lat'><strong>⁶⁹4.</strong></span> <span class='ocrx_word' id='word_1_3' title='bbox 765 66 813 126; x_wconf 71' lang='lat' dir='ltr'>nn</span> <span class='ocrx_word' id='word_1_4' title='bbox 891 33 892 114; x_wconf 71' lang='lat' dir='ltr'>J</span> 
     </span>
    </p>
   </div>
   <div class='ocr_carea' id='block_1_2' title="bbox 70 159 791 362">
    <p class='ocr_par' dir='ltr' id='par_1_2' title="bbox 70 159 791 362">
     <span class='ocr_line' id='line_1_2' title="bbox 76 159 668 230; baseline -0.015 -13"><span class='ocrx_word' id='word_1_5' title='bbox 76 167 154 217; x_wconf 80' lang='lat' dir='ltr'>Obvia</span> <span class='ocrx_word' id='word_1_6' title='bbox 162 174 288 214; x_wconf 79' lang='lat' dir='ltr'>ventorum</span> <span class='ocrx_word' id='word_1_7' title='bbox 298 161 374 220; x_wconf 75' lang='lat' dir='ltr'>nutis,</span> <span class='ocrx_word' id='word_1_8' title='bbox 386 159 530 224; x_wconf 80' lang='lat' dir='ltr'>expostaque</span> <span class='ocrx_word' id='word_1_9' title='bbox 539 171 624 222; x_wconf 89' lang='lat' dir='ltr'>ponto,</span> <span class='ocrx_word' id='word_1_10' title='bbox 665 211 668 230; x_wconf 59' lang='grc'>,</span> 
     </span>
     <span class='ocr_line' id='line_1_3' title="bbox 70 225 791 294; baseline -0.012 -9"><span class='ocrx_word' id='word_1_11' title='bbox 70 235 130 294; x_wconf 67' lang='lat' dir='ltr'>„Vm</span> <span class='ocrx_word' id='word_1_12' title='bbox 142 235 250 281; x_wconf 75' lang='lat' dir='ltr'>cuneum</span> <span class='ocrx_word' id='word_1_13' title='bbox 263 237 336 290; x_wconf 84' lang='lat' dir='ltr'>atque</span> <span class='ocrx_word' id='word_1_14' title='bbox 345 227 422 276; x_wconf 84' lang='lat' dir='ltr'>minas</span> <span class='ocrx_word' id='word_1_15' title='bbox 433 229 521 288; x_wconf 84' lang='lat' dir='ltr'>perfert</span> <span class='ocrx_word' id='word_1_16' title='bbox 530 225 635 290; x_wconf 87' lang='lat' dir='ltr'>coelique</span> <span class='ocrx_word' id='word_1_17' title='bbox 644 227 773 290; x_wconf 70' lang='lat' dir='ltr'>marisquee</span> <span class='ocrx_word' id='word_1_18' title='bbox 787 232 791 240; x_wconf 89' lang='lat'>&#39;</span> 
     </span>
     <span class='ocr_line' id='line_1_4' title="bbox 76 291 731 362; baseline -0.006 -14"><span class='ocrx_word' id='word_1_19' title='bbox 76 301 129 362; x_wconf 84' lang='lat' dir='ltr'>ipsa</span> <span class='ocrx_word' id='word_1_20' title='bbox 137 300 238 346; x_wconf 84' lang='lat' dir='ltr'>immota</span> <span class='ocrx_word' id='word_1_21' title='bbox 249 311 356 344; x_wconf 89' lang='lat' dir='ltr'>manens.</span> <span class='ocrx_word' id='word_1_22' title='bbox 375 291 469 341; x_wconf 90' lang='lat' dir='ltr'>Prolem</span> <span class='ocrx_word' id='word_1_23' title='bbox 479 293 617 342; x_wconf 85' lang='lat' dir='ltr'>Dolicaonis</span> <span class='ocrx_word' id='word_1_24' title='bbox 625 297 731 344; x_wconf 82' lang='lat' dir='ltr'>Hebrum</span> 
     </span>
    </p>
   </div>
   <div class='ocr_carea' id='block_1_3' title="bbox 78 359 892 424">
    <p class='ocr_par' dir='ltr' id='par_1_3' title="bbox 78 359 892 424">
     <span class='ocr_line' id='line_1_5' title="bbox 78 359 892 424; baseline -0.004 -11"><span class='ocrx_word' id='word_1_25' title='bbox 78 365 168 414; x_wconf 88' lang='lat' dir='ltr'>Sternit</span> <span class='ocrx_word' id='word_1_26' title='bbox 176 364 252 421; x_wconf 90' lang='lat' dir='ltr'>humi,</span> <span class='ocrx_word' id='word_1_27' title='bbox 262 377 316 410; x_wconf 89' lang='lat' dir='ltr'>cum</span> <span class='ocrx_word' id='word_1_28' title='bbox 329 377 378 422; x_wconf 90' lang='lat' dir='ltr'>quo</span> <span class='ocrx_word' id='word_1_29' title='bbox 386 361 513 421; x_wconf 76' lang='lat' dir='ltr'>Latagum,</span> <span class='ocrx_word' id='word_1_30' title='bbox 523 359 681 424; x_wconf 84' lang='lat' dir='ltr'><strong>Palmumque</strong></span> <span class='ocrx_word' id='word_1_31' title='bbox 692 363 815 422; x_wconf 80' lang='lat' dir='ltr'>fugacem:</span> <span class='ocrx_word' id='word_1_32' title='bbox 891 391 892 418; x_wconf 36' lang='lat' dir='ltr'><strong><em>g</em></strong></span> 
     </span>
    </p>
   </div>
   <div class='ocr_carea' id='block_1_4' title="bbox 78 426 773 492">
    <p class='ocr_par' dir='ltr' id='par_1_4' title="bbox 78 426 773 492">
     <span class='ocr_line' id='line_1_6' title="bbox 78 426 773 492; baseline -0.006 -12"><span class='ocrx_word' id='word_1_33' title='bbox 78 434 124 480; x_wconf 86' lang='lat' dir='ltr'>Sed</span> <span class='ocrx_word' id='word_1_34' title='bbox 131 435 250 492; x_wconf 77' lang='lat' dir='ltr'>Latagum</span> <span class='ocrx_word' id='word_1_35' title='bbox 262 429 328 488; x_wconf 85' lang='lat' dir='ltr'>saxo,</span> <span class='ocrx_word' id='word_1_36' title='bbox 340 437 413 492; x_wconf 86' lang='lat' dir='ltr'>atque</span> <span class='ocrx_word' id='word_1_37' title='bbox 424 426 514 487; x_wconf 80' lang='lat' dir='ltr'><strong>ingenti</strong></span> <span class='ocrx_word' id='word_1_38' title='bbox 526 429 642 488; x_wconf 82' lang='lat' dir='ltr'>fragmine</span> <span class='ocrx_word' id='word_1_39' title='bbox 654 428 744 478; x_wconf 83' lang='lat' dir='ltr'>montis</span> <span class='ocrx_word' id='word_1_40' title='bbox 770 451 773 458; x_wconf 91' lang='lat'><em>·</em></span> 
     </span>
    </p>
   </div>
   <div class='ocr_carea' id='block_1_5' title="bbox 78 487 892 557">
    <p class='ocr_par' dir='ltr' id='par_1_5' title="bbox 78 487 892 557">
     <span class='ocr_line' id='line_1_7' title="bbox 78 487 892 557; baseline -0.004 -11"><span class='ocrx_word' id='word_1_41' title='bbox 78 502 186 557; x_wconf 85' lang='lat' dir='ltr'><strong>Occupat</strong></span> <span class='ocrx_word' id='word_1_42' title='bbox 197 511 231 554; x_wconf 89' lang='lat' dir='ltr'>os,</span> <span class='ocrx_word' id='word_1_43' title='bbox 243 496 375 556; x_wconf 84' lang='lat' dir='ltr'>faciemque</span> <span class='ocrx_word' id='word_1_44' title='bbox 387 493 520 542; x_wconf 84' lang='lat' dir='ltr'>adversam:</span> <span class='ocrx_word' id='word_1_45' title='bbox 532 491 632 556; x_wconf 82' lang='lat' dir='ltr'>&#39;poplite</span> <span class='ocrx_word' id='word_1_46' title='bbox 644 492 756 544; x_wconf 84' lang='lat' dir='ltr'>Palmum</span> <span class='ocrx_word' id='word_1_47' title='bbox 797 513 807 542; x_wconf 81' lang='grc'>.’</span> <span class='ocrx_word' id='word_1_48' title='bbox 891 487 892 494; x_wconf 35' lang='lat'>¹</span> 
     </span>
    </p>
   </div>
   <div class='ocr_carea' id='block_1_6' title="bbox 15 559 832 2609">
    <p class='ocr_par' dir='ltr' id='par_1_6' title="bbox 79 559 650 622">
     <span class='ocr_line' id='line_1_8' title="bbox 79 559 650 622; baseline -0.005 -10"><span class='ocrx_word' id='word_1_49' title='bbox 79 563 171 612; x_wconf 78' lang='lat' dir='ltr'>succiso</span> <span class='ocrx_word' id='word_1_50' title='bbox 180 559 244 610; x_wconf 83' lang='lat' dir='ltr'>volvi</span> <span class='ocrx_word' id='word_1_51' title='bbox 255 561 347 622; x_wconf 80' lang='lat' dir='ltr'>segnem</span> <span class='ocrx_word' id='word_1_52' title='bbox 359 559 428 617; x_wconf 79' lang='lat' dir='ltr'>sinit3</span> <span class='ocrx_word' id='word_1_53' title='bbox 447 575 559 621; x_wconf 86' lang='lat' dir='ltr'>armaque</span> <span class='ocrx_word' id='word_1_54' title='bbox 567 562 650 609; x_wconf 81' lang='lat' dir='ltr'>Lauso</span> 
     </span>
    </p>

    <p class='ocr_par' dir='ltr' id='par_1_7' title="bbox 77 624 687 691">
     <span class='ocr_line' id='line_1_9' title="bbox 77 624 687 691; baseline -0.003 -14"><span class='ocrx_word' id='word_1_55' title='bbox 77 631 162 678; x_wconf 83' lang='lat' dir='ltr'>Donat</span> <span class='ocrx_word' id='word_1_56' title='bbox 171 628 257 676; x_wconf 88' lang='lat' dir='ltr'>habere</span> <span class='ocrx_word' id='word_1_57' title='bbox 266 627 379 685; x_wconf 88' lang='lat' dir='ltr'>humeris,</span> <span class='ocrx_word' id='word_1_58' title='bbox 389 624 591 691; x_wconf 75' lang='lat' dir='ltr'>et&#39;aerticefigere</span> <span class='ocrx_word' id='word_1_59' title='bbox 602 627 687 675; x_wconf 82' lang='lat' dir='ltr'>crisias.</span> 
     </span>
    </p>

    <p class='ocr_par' dir='ltr' id='par_1_8' title="bbox 76 691 832 952">
     <span class='ocr_line' id='line_1_10' title="bbox 76 691 745 759; baseline -0.001 -15"><span class='ocrx_word' id='word_1_60' title='bbox 76 698 128 744; x_wconf 89' lang='lat' dir='ltr'>Nec</span> <span class='ocrx_word' id='word_1_61' title='bbox 137 711 187 742; x_wconf 87' lang='lat' dir='ltr'>non</span> <span class='ocrx_word' id='word_1_62' title='bbox 195 698 314 742; x_wconf 84' lang='lat' dir='ltr'>Erantem</span> <span class='ocrx_word' id='word_1_63' title='bbox 324 692 464 759; x_wconf 60' lang='lat' dir='ltr'>Bhrygium,</span> <span class='ocrx_word' id='word_1_64' title='bbox 477 691 612 754; x_wconf 83' lang='lat' dir='ltr'>Paridisque</span> <span class='ocrx_word' id='word_1_65' title='bbox 622 695 745 745; x_wconf 84' lang='lat' dir='ltr'>Mimanta</span> 
     </span>
     <span class='ocr_line' id='line_1_11' title="bbox 78 759 832 828; baseline -0.001 -19"><span class='ocrx_word' id='word_1_66' title='bbox 78 759 215 822; x_wconf 86' lang='lat' dir='ltr'>Aequalem</span> <span class='ocrx_word' id='word_1_67' title='bbox 226 760 397 821; x_wconf 86' lang='lat' dir='ltr'>comitemque:</span> <span class='ocrx_word' id='word_1_68' title='bbox 419 762 466 806; x_wconf 85' lang='lat' dir='ltr'>una</span> <span class='ocrx_word' id='word_1_69' title='bbox 477 775 549 824; x_wconf 87' lang='lat' dir='ltr'>quem</span> <span class='ocrx_word' id='word_1_70' title='bbox 561 761 629 815; x_wconf 72' lang='lat' dir='ltr'>noste</span> <span class='ocrx_word' id='word_1_71' title='bbox 639 760 741 808; x_wconf 86' lang='lat' dir='ltr'>Theano</span> <span class='ocrx_word' id='word_1_72' title='bbox 826 823 832 828; x_wconf 35' lang='grc' dir='ltr'>Ι</span> 
     </span>
     <span class='ocr_line' id='line_1_12' title="bbox 77 824 734 887; baseline 0.002 -13"><span class='ocrx_word' id='word_1_73' title='bbox 77 829 107 874; x_wconf 82' lang='lat' dir='ltr'>la</span> <span class='ocrx_word' id='word_1_74' title='bbox 117 825 194 876; x_wconf 88' lang='lat' dir='ltr'>lucem</span> <span class='ocrx_word' id='word_1_75' title='bbox 205 824 306 885; x_wconf 81' lang='lat' dir='ltr'>genitori</span> <span class='ocrx_word' id='word_1_76' title='bbox 314 829 410 887; x_wconf 90' lang='lat' dir='ltr'>Amyco</span> <span class='ocrx_word' id='word_1_77' title='bbox 422 825 496 884; x_wconf 84' lang='lat' dir='ltr'>dedit,</span> <span class='ocrx_word' id='word_1_78' title='bbox 509 835 534 874; x_wconf 92' lang='lat' dir='ltr'>et</span> <span class='ocrx_word' id='word_1_79' title='bbox 546 827 595 873; x_wconf 85' lang='lat' dir='ltr'>face</span> <span class='ocrx_word' id='word_1_80' title='bbox 605 841 734 887; x_wconf 75' lang='lat' dir='ltr'>praegnans</span> 
     </span>
     <span class='ocr_line' id='line_1_13' title="bbox 78 889 605 952; baseline -0.006 -10"><span class='ocrx_word' id='word_1_81' title='bbox 78 889 160 942; x_wconf 77' lang='lat' dir='ltr'>Cisseis</span> <span class='ocrx_word' id='word_1_82' title='bbox 171 892 249 952; x_wconf 86' lang='lat' dir='ltr'>regina</span> <span class='ocrx_word' id='word_1_83' title='bbox 261 890 331 938; x_wconf 87' lang='lat' dir='ltr'>Parin</span> <span class='ocrx_word' id='word_1_84' title='bbox 342 901 418 940; x_wconf 87' lang='lat' dir='ltr'>creat:</span> <span class='ocrx_word' id='word_1_85' title='bbox 438 894 495 939; x_wconf 87' lang='lat' dir='ltr'>urhe</span> <span class='ocrx_word' id='word_1_86' title='bbox 506 901 605 952; x_wconf 89' lang='lat' dir='ltr'>patema</span> 
     </span>
    </p>

    <p class='ocr_par' dir='ltr' id='par_1_9' title="bbox 78 957 721 1219">
     <span class='ocr_line' id='line_1_14' title="bbox 78 957 721 1018; baseline -0.002 -11"><span class='ocrx_word' id='word_1_87' title='bbox 78 961 200 1007; x_wconf 85' lang='lat' dir='ltr'>occubat:</span> <span class='ocrx_word' id='word_1_88' title='bbox 219 957 327 1018; x_wconf 80' lang='lat' dir='ltr'>ignarum</span> <span class='ocrx_word' id='word_1_89' title='bbox 338 961 445 1006; x_wconf 85' lang='lat' dir='ltr'>Laurens</span> <span class='ocrx_word' id='word_1_90' title='bbox 454 958 527 1006; x_wconf 83' lang='lat' dir='ltr'>habet</span> <span class='ocrx_word' id='word_1_91' title='bbox 538 975 579 1006; x_wconf 90' lang='lat' dir='ltr'>ora</span> <span class='ocrx_word' id='word_1_92' title='bbox 591 957 721 1008; x_wconf 87' lang='lat' dir='ltr'>Mimanta.</span> 
     </span>
     <span class='ocr_line' id='line_1_15' title="bbox 79 1022 671 1082; baseline 0.002 -9"><span class='ocrx_word' id='word_1_93' title='bbox 79 1027 119 1073; x_wconf 81' lang='lat' dir='ltr'>Ac</span> <span class='ocrx_word' id='word_1_94' title='bbox 130 1023 195 1072; x_wconf 75' lang='lat' dir='ltr'>uelut</span> <span class='ocrx_word' id='word_1_95' title='bbox 205 1022 245 1072; x_wconf 90' lang='lat' dir='ltr'>ille</span> <span class='ocrx_word' id='word_1_96' title='bbox 256 1039 343 1072; x_wconf 89' lang='lat' dir='ltr'>canum</span> <span class='ocrx_word' id='word_1_97' title='bbox 355 1025 431 1071; x_wconf 89' lang='lat' dir='ltr'>morsu</span> <span class='ocrx_word' id='word_1_98' title='bbox 443 1027 471 1072; x_wconf 90' lang='lat' dir='ltr'>de</span> <span class='ocrx_word' id='word_1_99' title='bbox 482 1023 605 1082; x_wconf 87' lang='lat' dir='ltr'>montibus</span> <span class='ocrx_word' id='word_1_100' title='bbox 616 1023 671 1074; x_wconf 81' lang='lat' dir='ltr'>altis</span> 
     </span>
     <span class='ocr_line' id='line_1_16' title="bbox 79 1087 707 1155; baseline 0.003 -18"><span class='ocrx_word' id='word_1_101' title='bbox 79 1092 157 1138; x_wconf 77' lang='lat' dir='ltr'>Attus</span> <span class='ocrx_word' id='word_1_102' title='bbox 168 1104 232 1152; x_wconf 83' lang='lat' dir='ltr'>aper,</span> <span class='ocrx_word' id='word_1_103' title='bbox 245 1087 335 1138; x_wconf 87' lang='lat' dir='ltr'>multos</span> <span class='ocrx_word' id='word_1_104' title='bbox 345 1088 439 1155; x_wconf 71' lang='lat' dir='ltr'>Yesulus</span> <span class='ocrx_word' id='word_1_105' title='bbox 450 1107 522 1151; x_wconf 87' lang='lat' dir='ltr'>quem</span> <span class='ocrx_word' id='word_1_106' title='bbox 532 1091 620 1152; x_wconf 87' lang='lat' dir='ltr'>pinifer</span> <span class='ocrx_word' id='word_1_107' title='bbox 631 1105 707 1139; x_wconf 79' lang='lat' dir='ltr'>annos</span> 
     </span>
     <span class='ocr_line' id='line_1_17' title="bbox 78 1155 657 1219; baseline 0 -13"><span class='ocrx_word' id='word_1_108' title='bbox 78 1157 204 1216; x_wconf 86' lang='lat' dir='ltr'>Desendit,</span> <span class='ocrx_word' id='word_1_109' title='bbox 217 1156 351 1219; x_wconf 77' lang='lat' dir='ltr'>multosque</span> <span class='ocrx_word' id='word_1_110' title='bbox 363 1155 430 1218; x_wconf 91' lang='lat' dir='ltr'>palus</span> <span class='ocrx_word' id='word_1_111' title='bbox 441 1159 579 1216; x_wconf 89' lang='lat' dir='ltr'>Laurentia,</span> <span class='ocrx_word' id='word_1_112' title='bbox 593 1156 657 1219; x_wconf 79' lang='lat' dir='ltr'>sylva</span> 
     </span>
    </p>

    <p class='ocr_par' dir='ltr' id='par_1_10' title="bbox 16 1221 760 1418">
     <span class='ocr_line' id='line_1_18' title="bbox 81 1221 760 1289; baseline 0.003 -19"><span class='ocrx_word' id='word_1_113' title='bbox 81 1221 163 1272; x_wconf 78' lang='lat' dir='ltr'>Passus</span> <span class='ocrx_word' id='word_1_114' title='bbox 172 1223 321 1283; x_wconf 70' lang='lat' dir='ltr'>arundinea3¹</span> <span class='ocrx_word' id='word_1_115' title='bbox 332 1222 458 1286; x_wconf 87' lang='lat' dir='ltr'>postquam</span> <span class='ocrx_word' id='word_1_116' title='bbox 471 1225 534 1289; x_wconf 87' lang='lat' dir='ltr'>inter</span> <span class='ocrx_word' id='word_1_117' title='bbox 541 1225 601 1274; x_wconf 88' lang='lat' dir='ltr'>retia</span> <span class='ocrx_word' id='word_1_118' title='bbox 609 1234 707 1274; x_wconf 88' lang='lat' dir='ltr'>ventum</span> <span class='ocrx_word' id='word_1_119' title='bbox 717 1222 760 1284; x_wconf 83' lang='lat' dir='ltr'>est,</span> 
     </span>
     <span class='ocr_line' id='line_1_19' title="bbox 16 1287 731 1354; baseline 0.006 -18"><span class='ocrx_word' id='word_1_120' title='bbox 16 1313 24 1330; x_wconf 84' lang='lat'><strong>·</strong></span> <span class='ocrx_word' id='word_1_121' title='bbox 81 1287 200 1348; x_wconf 79' lang='lat' dir='ltr'>Substitit,</span> <span class='ocrx_word' id='word_1_122' title='bbox 212 1291 381 1354; x_wconf 86' lang='lat' dir='ltr'>infremuitque</span> <span class='ocrx_word' id='word_1_123' title='bbox 392 1294 470 1353; x_wconf 80' lang='lat' dir='ltr'>ferox,</span> <span class='ocrx_word' id='word_1_124' title='bbox 482 1301 507 1338; x_wconf 90' lang='lat' dir='ltr'>et</span> <span class='ocrx_word' id='word_1_125' title='bbox 518 1290 636 1340; x_wconf 88' lang='lat' dir='ltr'>inhorruit</span> <span class='ocrx_word' id='word_1_126' title='bbox 645 1293 731 1340; x_wconf 75' lang='lat' dir='ltr'>archos.</span> 
     </span>
     <span class='ocr_line' id='line_1_20' title="bbox 81 1356 693 1418; baseline 0.007 -16"><span class='ocrx_word' id='word_1_127' title='bbox 81 1357 133 1403; x_wconf 87' lang='lat' dir='ltr'>Nec</span> <span class='ocrx_word' id='word_1_128' title='bbox 142 1356 253 1418; x_wconf 88' lang='lat' dir='ltr'>cuiquam</span> <span class='ocrx_word' id='word_1_129' title='bbox 264 1357 338 1416; x_wconf 86' lang='lat' dir='ltr'>irasci,</span> <span class='ocrx_word' id='word_1_130' title='bbox 350 1357 474 1418; x_wconf 69' lang='lat' dir='ltr'>propiusue</span> <span class='ocrx_word' id='word_1_131' title='bbox 486 1359 594 1406; x_wconf 83' lang='lat' dir='ltr'>accedere</span> <span class='ocrx_word' id='word_1_132' title='bbox 604 1358 693 1406; x_wconf 84' lang='lat' dir='ltr'>virtus:</span> 
     </span>
    </p>

    <p class='ocr_par' dir='ltr' id='par_1_11' title="bbox 82 1420 695 1482">
     <span class='ocr_line' id='line_1_21' title="bbox 82 1420 695 1482; baseline 0.007 -14"><span class='ocrx_word' id='word_1_133' title='bbox 82 1423 129 1468; x_wconf 81' lang='lat' dir='ltr'>Sed</span> <span class='ocrx_word' id='word_1_134' title='bbox 138 1420 229 1479; x_wconf 78' lang='lat' dir='ltr'>jaculis,</span> <span class='ocrx_word' id='word_1_135' title='bbox 240 1423 344 1481; x_wconf 86' lang='lat' dir='ltr'>tutisque</span> <span class='ocrx_word' id='word_1_136' title='bbox 352 1423 435 1482; x_wconf 88' lang='lat' dir='ltr'>procul</span> <span class='ocrx_word' id='word_1_137' title='bbox 445 1423 587 1472; x_wconf 87' lang='lat' dir='ltr'>clamoribus</span> <span class='ocrx_word' id='word_1_138' title='bbox 598 1423 695 1474; x_wconf 83' lang='lat' dir='ltr'>instant.</span> 
     </span>
    </p>

    <p class='ocr_par' dir='ltr' id='par_1_12' title="bbox 79 1480 721 1614">
     <span class='ocr_line' id='line_1_22' title="bbox 83 1480 721 1552; baseline 0.016 -22"><span class='ocrx_word' id='word_1_139' title='bbox 83 1480 127 1531; x_wconf 93' lang='lat' dir='ltr'>llle</span> <span class='ocrx_word' id='word_1_140' title='bbox 138 1493 217 1530; x_wconf 90' lang='lat' dir='ltr'>autem</span> <span class='ocrx_word' id='word_1_141' title='bbox 230 1485 362 1543; x_wconf 82' lang='lat' dir='ltr'>impavidus</span> <span class='ocrx_word' id='word_1_142' title='bbox 373 1497 451 1547; x_wconf 88' lang='lat' dir='ltr'>partes</span> <span class='ocrx_word' id='word_1_143' title='bbox 462 1491 585 1550; x_wconf 54' lang='lat' dir='ltr'>cunctatur</span> <span class='ocrx_word' id='word_1_144' title='bbox 595 1493 619 1538; x_wconf 92' lang='lat' dir='ltr'>in</span> <span class='ocrx_word' id='word_1_145' title='bbox 627 1507 721 1552; x_wconf 87' lang='lat' dir='ltr'>omnes,</span> 
     </span>
     <span class='ocr_line' id='line_1_23' title="bbox 79 1547 670 1614; baseline 0.012 -15"><span class='ocrx_word' id='word_1_146' title='bbox 79 1549 203 1599; x_wconf 84' lang='lat' dir='ltr'>Dentibus</span> <span class='ocrx_word' id='word_1_147' title='bbox 215 1547 360 1608; x_wconf 81' lang='lat' dir='ltr'>infrendens,</span> <span class='ocrx_word' id='word_1_148' title='bbox 372 1562 396 1600; x_wconf 87' lang='lat' dir='ltr'>et</span> <span class='ocrx_word' id='word_1_149' title='bbox 405 1564 471 1614; x_wconf 87' lang='lat' dir='ltr'>tergo</span> <span class='ocrx_word' id='word_1_150' title='bbox 482 1555 574 1605; x_wconf 85' lang='lat' dir='ltr'>decutit</span> <span class='ocrx_word' id='word_1_151' title='bbox 585 1553 670 1606; x_wconf 82' lang='lat' dir='ltr'>hallas.</span> 
     </span>
    </p>

    <p class='ocr_par' dir='ltr' id='par_1_13' title="bbox 82 1613 672 1682">
     <span class='ocr_line' id='line_1_24' title="bbox 82 1613 672 1682; baseline 0.01 -16"><span class='ocrx_word' id='word_1_152' title='bbox 82 1617 155 1666; x_wconf 85' lang='lat' dir='ltr'>Haud</span> <span class='ocrx_word' id='word_1_153' title='bbox 166 1613 243 1671; x_wconf 90' lang='lat' dir='ltr'>aliter,</span> <span class='ocrx_word' id='word_1_154' title='bbox 253 1613 327 1677; x_wconf 85' lang='lat' dir='ltr'>juslae</span> <span class='ocrx_word' id='word_1_155' title='bbox 335 1617 421 1678; x_wconf 86' lang='lat' dir='ltr'>quibus</span> <span class='ocrx_word' id='word_1_156' title='bbox 429 1619 461 1666; x_wconf 88' lang='lat' dir='ltr'>est</span> <span class='ocrx_word' id='word_1_157' title='bbox 470 1619 604 1671; x_wconf 81' lang='lat' dir='ltr'>Mezentius</span> <span class='ocrx_word' id='word_1_158' title='bbox 615 1625 672 1682; x_wconf 82' lang='lat' dir='ltr'>irae,</span> 
     </span>
    </p>

    <p class='ocr_par' dir='ltr' id='par_1_14' title="bbox 81 1679 661 1880">
     <span class='ocr_line' id='line_1_25' title="bbox 81 1679 661 1738; baseline 0.012 -7"><span class='ocrx_word' id='word_1_159' title='bbox 81 1685 141 1731; x_wconf 89' lang='lat' dir='ltr'>Non</span> <span class='ocrx_word' id='word_1_160' title='bbox 152 1679 195 1729; x_wconf 91' lang='lat' dir='ltr'>ulli</span> <span class='ocrx_word' id='word_1_161' title='bbox 206 1679 239 1728; x_wconf 81' lang='lat' dir='ltr'>eil</span> <span class='ocrx_word' id='word_1_162' title='bbox 249 1681 343 1730; x_wconf 86' lang='lat' dir='ltr'>animus</span> <span class='ocrx_word' id='word_1_163' title='bbox 354 1681 432 1732; x_wconf 78' lang='lat' dir='ltr'>uriuo</span> <span class='ocrx_word' id='word_1_164' title='bbox 441 1700 577 1736; x_wconf 84' lang='lat' dir='ltr'>concurrere</span> <span class='ocrx_word' id='word_1_165' title='bbox 585 1692 661 1738; x_wconf 80' lang='lat' dir='ltr'>ferro:</span> 
     </span>
     <span class='ocr_line' id='line_1_26' title="bbox 81 1745 652 1814; baseline 0.011 -17"><span class='ocrx_word' id='word_1_166' title='bbox 81 1745 210 1799; x_wconf 77' lang='lat' dir='ltr'>Missilibus</span> <span class='ocrx_word' id='word_1_167' title='bbox 217 1746 296 1808; x_wconf 86' lang='lat' dir='ltr'>longe,</span> <span class='ocrx_word' id='word_1_168' title='bbox 309 1758 333 1798; x_wconf 87' lang='lat' dir='ltr'>et</span> <span class='ocrx_word' id='word_1_169' title='bbox 345 1749 409 1797; x_wconf 83' lang='lat' dir='ltr'>vasto</span> <span class='ocrx_word' id='word_1_170' title='bbox 420 1749 522 1800; x_wconf 83' lang='lat' dir='ltr'>clamore</span> <span class='ocrx_word' id='word_1_171' title='bbox 533 1751 652 1814; x_wconf 73' lang='lat' dir='ltr'>lacessunt.</span> 
     </span>
     <span class='ocr_line' id='line_1_27' title="bbox 81 1815 636 1880; baseline 0.014 -19"><span class='ocrx_word' id='word_1_172' title='bbox 81 1816 186 1862; x_wconf 82' lang='lat' dir='ltr'>Venerat</span> <span class='ocrx_word' id='word_1_173' title='bbox 198 1815 303 1877; x_wconf 84' lang='lat' dir='ltr'>antiquis</span> <span class='ocrx_word' id='word_1_174' title='bbox 315 1817 398 1878; x_wconf 85' lang='lat' dir='ltr'>Coryti</span> <span class='ocrx_word' id='word_1_175' title='bbox 407 1819 437 1865; x_wconf 93' lang='lat' dir='ltr'>de</span> <span class='ocrx_word' id='word_1_176' title='bbox 448 1817 534 1868; x_wconf 83' lang='lat' dir='ltr'>finibus</span> <span class='ocrx_word' id='word_1_177' title='bbox 542 1823 636 1880; x_wconf 88' lang='lat' dir='ltr'>Acron,</span> 
     </span>
    </p>

    <p class='ocr_par' dir='ltr' id='par_1_15' title="bbox 15 1879 798 2459">
     <span class='ocr_line' id='line_1_28' title="bbox 15 1879 798 1950; baseline 0.018 -24"><span class='ocrx_word' id='word_1_178' title='bbox 15 1930 18 1941; x_wconf 41' lang='lat'><strong>¹</strong></span> <span class='ocrx_word' id='word_1_179' title='bbox 83 1881 172 1929; x_wconf 85' lang='lat' dir='ltr'>Graius</span> <span class='ocrx_word' id='word_1_180' title='bbox 181 1879 267 1940; x_wconf 88' lang='lat' dir='ltr'>homo;</span> <span class='ocrx_word' id='word_1_181' title='bbox 287 1882 386 1942; x_wconf 73' lang='lat' dir='ltr'>infectos</span> <span class='ocrx_word' id='word_1_182' title='bbox 396 1881 506 1948; x_wconf 89' lang='lat' dir='ltr'>linquens</span> <span class='ocrx_word' id='word_1_183' title='bbox 516 1889 629 1949; x_wconf 85' lang='lat' dir='ltr'>profugus</span> <span class='ocrx_word' id='word_1_184' title='bbox 639 1887 798 1950; x_wconf 79' lang='lat' dir='ltr'>hymenaeos:</span> 
     </span>
     <span class='ocr_line' id='line_1_29' title="bbox 15 1946 712 2017; baseline 0.014 -22"><span class='ocrx_word' id='word_1_185' title='bbox 15 1946 18 2008; x_wconf 62' lang='lat'>,¹</span> <span class='ocrx_word' id='word_1_186' title='bbox 82 1947 207 1998; x_wconf 84' lang='lat' dir='ltr'>Huncubi</span> <span class='ocrx_word' id='word_1_187' title='bbox 219 1947 354 1998; x_wconf 86' lang='lat' dir='ltr'>miscentem</span> <span class='ocrx_word' id='word_1_188' title='bbox 366 1947 436 2011; x_wconf 88' lang='lat' dir='ltr'>longe</span> <span class='ocrx_word' id='word_1_189' title='bbox 446 1953 525 2002; x_wconf 86' lang='lat' dir='ltr'>media</span> <span class='ocrx_word' id='word_1_190' title='bbox 536 1955 633 2014; x_wconf 79' lang='lat' dir='ltr'>agmina</span> <span class='ocrx_word' id='word_1_191' title='bbox 642 1951 712 2017; x_wconf 82' lang='lat' dir='ltr'>vidit,</span> 
     </span>
     <span class='ocr_line' id='line_1_30' title="bbox 86 2014 666 2079; baseline 0.012 -18"><span class='ocrx_word' id='word_1_192' title='bbox 86 2016 233 2074; x_wconf 84' lang='lat' dir='ltr'>Purpureum</span> <span class='ocrx_word' id='word_1_193' title='bbox 246 2014 339 2073; x_wconf 87' lang='lat' dir='ltr'>pennis,</span> <span class='ocrx_word' id='word_1_194' title='bbox 352 2024 376 2063; x_wconf 88' lang='lat' dir='ltr'>et</span> <span class='ocrx_word' id='word_1_195' title='bbox 386 2019 467 2076; x_wconf 75' lang='lat' dir='ltr'>pastae</span> <span class='ocrx_word' id='word_1_196' title='bbox 475 2019 580 2079; x_wconf 83' lang='lat' dir='ltr'>conjugis</span> <span class='ocrx_word' id='word_1_197' title='bbox 591 2017 666 2068; x_wconf 84' lang='lat' dir='ltr'>ostro:</span> 
     </span>
     <span class='ocr_line' id='line_1_31' title="bbox 84 2077 682 2145; baseline 0.01 -17"><span class='ocrx_word' id='word_1_198' title='bbox 84 2077 201 2140; x_wconf 83' lang='lat' dir='ltr'>Impastus</span> <span class='ocrx_word' id='word_1_199' title='bbox 212 2077 301 2127; x_wconf 77' lang='lat' dir='ltr'>stabula</span> <span class='ocrx_word' id='word_1_200' title='bbox 313 2078 362 2128; x_wconf 88' lang='lat' dir='ltr'>alta</span> <span class='ocrx_word' id='word_1_201' title='bbox 371 2079 408 2128; x_wconf 90' lang='lat' dir='ltr'>leo</span> <span class='ocrx_word' id='word_1_202' title='bbox 419 2098 460 2130; x_wconf 88' lang='lat' dir='ltr'>ceu</span> <span class='ocrx_word' id='word_1_203' title='bbox 472 2083 538 2142; x_wconf 87' lang='lat' dir='ltr'>saepe</span> <span class='ocrx_word' id='word_1_204' title='bbox 547 2099 682 2145; x_wconf 82' lang='lat' dir='ltr'>peragrans,</span> 
     </span>
     <span class='ocr_line' id='line_1_32' title="bbox 85 2145 661 2208; baseline 0.005 -14"><span class='ocrx_word' id='word_1_205' title='bbox 85 2147 172 2194; x_wconf 85' lang='lat' dir='ltr'>Suadet</span> <span class='ocrx_word' id='word_1_206' title='bbox 183 2145 247 2194; x_wconf 89' lang='lat' dir='ltr'>enim</span> <span class='ocrx_word' id='word_1_207' title='bbox 259 2145 343 2194; x_wconf 80' lang='lat' dir='ltr'>resana</span> <span class='ocrx_word' id='word_1_208' title='bbox 354 2149 438 2206; x_wconf 82' lang='lat' dir='ltr'>fames,</span> <span class='ocrx_word' id='word_1_209' title='bbox 451 2145 467 2194; x_wconf 86' lang='lat' dir='ltr'>sr</span> <span class='ocrx_word' id='word_1_210' title='bbox 480 2150 542 2196; x_wconf 89' lang='lat' dir='ltr'>forte</span> <span class='ocrx_word' id='word_1_211' title='bbox 553 2151 661 2208; x_wconf 79' lang='lat' dir='ltr'>fugacem</span> 
     </span>
     <span class='ocr_line' id='line_1_33' title="bbox 85 2211 790 2282; baseline 0.014 -22"><span class='ocrx_word' id='word_1_212' title='bbox 85 2211 215 2272; x_wconf 80' lang='lat' dir='ltr'>Conspexit</span> <span class='ocrx_word' id='word_1_213' title='bbox 223 2227 341 2273; x_wconf 80' lang='lat' dir='ltr'>capream,</span> <span class='ocrx_word' id='word_1_214' title='bbox 353 2223 395 2263; x_wconf 89' lang='lat' dir='ltr'>aut</span> <span class='ocrx_word' id='word_1_215' title='bbox 406 2213 573 2275; x_wconf 82' lang='lat' dir='ltr'>surgentemih</span> <span class='ocrx_word' id='word_1_216' title='bbox 586 2229 673 2266; x_wconf 86' lang='lat' dir='ltr'>cornua</span> <span class='ocrx_word' id='word_1_217' title='bbox 684 2233 790 2282; x_wconf 67' lang='lat' dir='ltr'>ceruumg</span> 
     </span>
     <span class='ocr_line' id='line_1_34' title="bbox 85 2277 760 2343; baseline 0.01 -17"><span class='ocrx_word' id='word_1_218' title='bbox 85 2279 181 2326; x_wconf 81' lang='lat' dir='ltr'>Gaudet</span> <span class='ocrx_word' id='word_1_219' title='bbox 188 2277 258 2326; x_wconf 87' lang='lat' dir='ltr'>hians</span> <span class='ocrx_word' id='word_1_220' title='bbox 270 2279 383 2339; x_wconf 85' lang='lat' dir='ltr'>immane,</span> <span class='ocrx_word' id='word_1_221' title='bbox 396 2281 522 2343; x_wconf 87' lang='lat' dir='ltr'>comasque</span> <span class='ocrx_word' id='word_1_222' title='bbox 532 2282 630 2342; x_wconf 76' lang='lat' dir='ltr'>arrexit,</span> <span class='ocrx_word' id='word_1_223' title='bbox 643 2294 667 2334; x_wconf 89' lang='lat' dir='ltr'>et</span> <span class='ocrx_word' id='word_1_224' title='bbox 678 2283 760 2337; x_wconf 86' lang='lat' dir='ltr'>haeret</span> 
     </span>
     <span class='ocr_line' id='line_1_35' title="bbox 84 2343 717 2412; baseline 0.011 -18"><span class='ocrx_word' id='word_1_225' title='bbox 84 2343 214 2394; x_wconf 82' lang='lat' dir='ltr'>Visceribus</span> <span class='ocrx_word' id='word_1_226' title='bbox 223 2345 450 2408; x_wconf 85' lang='lat' dir='ltr'>superincumbens:</span> <span class='ocrx_word' id='word_1_227' title='bbox 467 2346 528 2408; x_wconf 30' lang='lat' dir='ltr'>,lavit</span> <span class='ocrx_word' id='word_1_228' title='bbox 538 2349 646 2412; x_wconf 82' lang='lat' dir='ltr'>improba</span> <span class='ocrx_word' id='word_1_229' title='bbox 655 2361 717 2402; x_wconf 86' lang='lat' dir='ltr'>teter</span> 
     </span>
     <span class='ocr_line' id='line_1_36' title="bbox 85 2412 436 2459; baseline 0.003 0"><span class='ocrx_word' id='word_1_230' title='bbox 85 2412 134 2459; x_wconf 88' lang='lat' dir='ltr'>Ora</span> <span class='ocrx_word' id='word_1_231' title='bbox 145 2425 227 2458; x_wconf 76' lang='lat' dir='ltr'>uuor:</span> <span class='ocrx_word' id='word_1_232' title='bbox 433 2433 436 2440; x_wconf 54' lang='lat'>¹</span> 
     </span>
    </p>

    <p class='ocr_par' dir='ltr' id='par_1_16' title="bbox 83 2476 640 2609">
     <span class='ocr_line' id='line_1_37' title="bbox 83 2476 634 2540; baseline 0.016 -16"><span class='ocrx_word' id='word_1_233' title='bbox 83 2476 122 2524; x_wconf 80' lang='lat' dir='ltr'>Sic</span> <span class='ocrx_word' id='word_1_234' title='bbox 133 2476 182 2524; x_wconf 90' lang='lat' dir='ltr'>ruit</span> <span class='ocrx_word' id='word_1_235' title='bbox 191 2477 215 2523; x_wconf 93' lang='lat' dir='ltr'>in</span> <span class='ocrx_word' id='word_1_236' title='bbox 228 2479 310 2540; x_wconf 83' lang='lat' dir='ltr'>densos</span> <span class='ocrx_word' id='word_1_237' title='bbox 319 2478 394 2529; x_wconf 88' lang='lat' dir='ltr'>alacer</span> <span class='ocrx_word' id='word_1_238' title='bbox 403 2483 538 2538; x_wconf 84' lang='lat' dir='ltr'>Mezentius</span> <span class='ocrx_word' id='word_1_239' title='bbox 548 2481 634 2532; x_wconf 84' lang='lat' dir='ltr'>hostes.</span> 
     </span>
     <span class='ocr_line' id='line_1_38' title="bbox 85 2541 640 2609; baseline 0.022 -21"><span class='ocrx_word' id='word_1_240' title='bbox 85 2541 205 2592; x_wconf 82' lang='lat' dir='ltr'>Sternitur</span> <span class='ocrx_word' id='word_1_241' title='bbox 216 2543 303 2609; x_wconf 79' lang='lat' dir='ltr'>infelix</span> <span class='ocrx_word' id='word_1_242' title='bbox 310 2551 402 2607; x_wconf 88' lang='lat' dir='ltr'>Acron,</span> <span class='ocrx_word' id='word_1_243' title='bbox 415 2559 439 2598; x_wconf 92' lang='lat' dir='ltr'>et</span> <span class='ocrx_word' id='word_1_244' title='bbox 451 2549 552 2600; x_wconf 86' lang='lat' dir='ltr'>calcibus</span> <span class='ocrx_word' id='word_1_245' title='bbox 563 2561 640 2600; x_wconf 86' lang='lat' dir='ltr'>atram</span> 
     </span>
    </p>
   </div>
   <div class='ocr_carea' id='block_1_7' title="bbox 85 2607 773 2766">
    <p class='ocr_par' dir='ltr' id='par_1_17' title="bbox 85 2607 773 2766">
     <span class='ocr_line' id='line_1_39' title="bbox 85 2607 773 2680; baseline 0.023 -26"><span class='ocrx_word' id='word_1_246' title='bbox 85 2607 178 2656; x_wconf 90' lang='lat' dir='ltr'>Tundit</span> <span class='ocrx_word' id='word_1_247' title='bbox 190 2607 291 2660; x_wconf 88' lang='lat' dir='ltr'>humum</span> <span class='ocrx_word' id='word_1_248' title='bbox 300 2614 429 2675; x_wconf 83' lang='lat' dir='ltr'>exspirans,</span> <span class='ocrx_word' id='word_1_249' title='bbox 442 2617 588 2680; x_wconf 79' lang='lat' dir='ltr'>infratlaque</span> <span class='ocrx_word' id='word_1_250' title='bbox 600 2615 647 2666; x_wconf 83' lang='lat' dir='ltr'>tela</span> <span class='ocrx_word' id='word_1_251' title='bbox 657 2630 773 2670; x_wconf 85' lang='lat' dir='ltr'>cruentat.</span> 
     </span>
     <span class='ocr_line' id='line_1_40' title="bbox 86 2675 771 2766; baseline 0.019 -42"><span class='ocrx_word' id='word_1_252' title='bbox 86 2677 171 2738; x_wconf 84' lang='lat' dir='ltr'>Atque</span> <span class='ocrx_word' id='word_1_253' title='bbox 179 2675 385 2742; x_wconf 79' lang='lat' dir='ltr'>idem-lugientem</span> <span class='ocrx_word' id='word_1_254' title='bbox 394 2682 500 2766; x_wconf 34' lang='lat' dir='ltr'>haud&#39;cst</span> <span class='ocrx_word' id='word_1_255' title='bbox 510 2685 621 2748; x_wconf 82' lang='lat' dir='ltr'>dignatus</span> <span class='ocrx_word' id='word_1_256' title='bbox 632 2688 727 2736; x_wconf 78' lang='lat' dir='ltr'>Oroden</span> <span class='ocrx_word' id='word_1_257' title='bbox 769 2691 771 2694; x_wconf 83' lang='lat'>&#39;</span> 
     </span>
    </p>
   </div>
   <div class='ocr_carea' id='block_1_8' title="bbox 0 0 916 2912">
    <p class='ocr_par' dir='ltr' id='par_1_18' title="bbox 0 0 916 2912">
     <span class='ocr_line' id='line_1_41' title="bbox 0 0 916 2912; baseline 0 0"><span class='ocrx_word' id='word_1_258' title='bbox 0 0 916 2912; x_wconf 95' lang='lat' dir='ltr'> </span> 
     </span>
    </p>
   </div>
  </div>
 </body>
</html>
