<?xml version="1.0" encoding="UTF-8"?>
<!DOCTYPE html PUBLIC "-//W3C//DTD XHTML 1.0 Transitional//EN"
    "http://www.w3.org/TR/xhtml1/DTD/xhtml1-transitional.dtd">
<html xmlns="http://www.w3.org/1999/xhtml" xml:lang="en" lang="en">
 <head>
  <title>
</title>
<meta http-equiv="Content-Type" content="text/html;charset=utf-8" />
  <meta name='ocr-system' content='tesseract 3.04.00' />
  <meta name='ocr-capabilities' content='ocr_page ocr_carea ocr_par ocr_line ocrx_word'/>
</head>
<body>
  <div class='ocr_page' id='page_1' title='image "./bucolicageorgic03virggoog/bucolicageorgic03virggoog_0282.png"; bbox 0 0 1806 2912; ppageno 0'>
   <div class='ocr_carea' id='block_1_1' title="bbox 97 23 739 89">
    <p class='ocr_par' dir='ltr' id='par_1_1' title="bbox 97 23 739 89">
     <span class='ocr_line' id='line_1_1' title="bbox 97 23 739 89; baseline 0.008 -16"><span class='ocrx_word' id='word_1_1' title='bbox 97 23 147 74; x_wconf 67' lang='lat' dir='ltr'>aaa</span> <span class='ocrx_word' id='word_1_2' title='bbox 190 32 453 86; x_wconf 72' lang='lat' dir='ltr'>AENEIDOS</span> <span class='ocrx_word' id='word_1_3' title='bbox 483 31 566 78; x_wconf 74' lang='grc' dir='ltr'>ΜΒ.</span> <span class='ocrx_word' id='word_1_4' title='bbox 596 31 628 78; x_wconf 81' lang='lat' dir='ltr'>X.</span> <span class='ocrx_word' id='word_1_5' title='bbox 681 27 739 89; x_wconf 79' lang='lat'><em>⁶55·</em></span> 
     </span>
    </p>
   </div>
   <div class='ocr_carea' id='block_1_2' title="bbox 7 127 823 2702">
    <p class='ocr_par' dir='ltr' id='par_1_2' title="bbox 7 127 823 2702">
     <span class='ocr_line' id='line_1_2' title="bbox 94 127 603 192; baseline 0 -16"><span class='ocrx_word' id='word_1_6' title='bbox 94 127 151 192; x_wconf 76' lang='lat' dir='ltr'>Qa</span> <span class='ocrx_word' id='word_1_7' title='bbox 162 145 205 176; x_wconf 80' lang='lat' dir='ltr'>rex</span> <span class='ocrx_word' id='word_1_8' title='bbox 214 129 324 182; x_wconf 83' lang='lat' dir='ltr'>Clusinis</span> <span class='ocrx_word' id='word_1_9' title='bbox 334 135 438 182; x_wconf 73' lang='lat' dir='ltr'>aduectus</span> <span class='ocrx_word' id='word_1_10' title='bbox 447 127 538 175; x_wconf 80' lang='lat' dir='ltr'>onnius</span> <span class='ocrx_word' id='word_1_11' title='bbox 548 128 603 177; x_wconf 87' lang='lat' dir='ltr'>oris.</span> 
     </span>
     <span class='ocr_line' id='line_1_3' title="bbox 94 193 754 256; baseline -0.002 -13"><span class='ocrx_word' id='word_1_12' title='bbox 94 193 150 243; x_wconf 80' lang='lat' dir='ltr'>Huc</span> <span class='ocrx_word' id='word_1_13' title='bbox 160 193 205 243; x_wconf 87' lang='lat' dir='ltr'>sese</span> <span class='ocrx_word' id='word_1_14' title='bbox 216 199 313 256; x_wconf 83' lang='lat' dir='ltr'>trepida</span> <span class='ocrx_word' id='word_1_15' title='bbox 324 203 417 244; x_wconf 78' lang='lat' dir='ltr'>Aeneae</span> <span class='ocrx_word' id='word_1_16' title='bbox 428 193 538 252; x_wconf 79' lang='lat' dir='ltr'>fugientis</span> <span class='ocrx_word' id='word_1_17' title='bbox 549 193 627 256; x_wconf 82' lang='lat' dir='ltr'>imago</span> <span class='ocrx_word' id='word_1_18' title='bbox 751 246 754 249; x_wconf 15' lang='grc' dir='ltr'><strong>Δ</strong></span> 
     </span>
     <span class='ocr_line' id='line_1_4' title="bbox 94 259 726 323; baseline 0.002 -15"><span class='ocrx_word' id='word_1_19' title='bbox 94 260 200 323; x_wconf 84' lang='lat' dir='ltr'>Conjicit</span> <span class='ocrx_word' id='word_1_20' title='bbox 211 261 236 308; x_wconf 89' lang='lat' dir='ltr'>in</span> <span class='ocrx_word' id='word_1_21' title='bbox 249 259 369 316; x_wconf 64' lang='lat' dir='ltr'>latebras-3,</span> <span class='ocrx_word' id='word_1_22' title='bbox 382 274 424 306; x_wconf 86' lang='lat' dir='ltr'>nec</span> <span class='ocrx_word' id='word_1_23' title='bbox 434 261 530 308; x_wconf 85' lang='lat' dir='ltr'>Turnus</span> <span class='ocrx_word' id='word_1_24' title='bbox 541 259 631 320; x_wconf 79' lang='lat' dir='ltr'>segnior</span> <span class='ocrx_word' id='word_1_25' title='bbox 642 259 726 320; x_wconf 80' lang='lat' dir='ltr'>iusiat3</span> 
     </span>
     <span class='ocr_line' id='line_1_5' title="bbox 95 324 696 388; baseline -0.002 -14"><span class='ocrx_word' id='word_1_26' title='bbox 95 327 273 388; x_wconf 81' lang='lat' dir='ltr'>Exsuperatque</span> <span class='ocrx_word' id='word_1_27' title='bbox 284 341 371 383; x_wconf 88' lang='lat' dir='ltr'>moras,</span> <span class='ocrx_word' id='word_1_28' title='bbox 383 334 406 372; x_wconf 89' lang='lat' dir='ltr'>et</span> <span class='ocrx_word' id='word_1_29' title='bbox 418 332 503 385; x_wconf 86' lang='lat' dir='ltr'>pontes</span> <span class='ocrx_word' id='word_1_30' title='bbox 515 325 615 381; x_wconf 77' lang='lat' dir='ltr'>transilit</span> <span class='ocrx_word' id='word_1_31' title='bbox 625 324 696 376; x_wconf 77' lang='lat' dir='ltr'>aiios.</span> 
     </span>
     <span class='ocr_line' id='line_1_6' title="bbox 94 389 717 454; baseline -0.002 -13"><span class='ocrx_word' id='word_1_32' title='bbox 94 393 143 441; x_wconf 81' lang='lat' dir='ltr'>vix</span> <span class='ocrx_word' id='word_1_33' title='bbox 154 407 244 454; x_wconf 85' lang='lat' dir='ltr'>proram</span> <span class='ocrx_word' id='word_1_34' title='bbox 256 389 379 449; x_wconf 81' lang='lat' dir='ltr'>attigerat3</span> <span class='ocrx_word' id='word_1_35' title='bbox 399 391 490 452; x_wconf 89' lang='lat' dir='ltr'>rumpit</span> <span class='ocrx_word' id='word_1_36' title='bbox 502 391 613 439; x_wconf 89' lang='lat' dir='ltr'>Saturnia</span> <span class='ocrx_word' id='word_1_37' title='bbox 623 395 717 452; x_wconf 88' lang='lat' dir='ltr'>sunem,</span> 
     </span>
     <span class='ocr_line' id='line_1_7' title="bbox 7 455 712 519; baseline 0.006 -17"><span class='ocrx_word' id='word_1_38' title='bbox 7 509 8 512; x_wconf 8' lang='grc' dir='ltr'><strong>Ἴ</strong></span> <span class='ocrx_word' id='word_1_39' title='bbox 95 457 255 514; x_wconf 81' lang='lat' dir='ltr'>Avulsramque</span> <span class='ocrx_word' id='word_1_40' title='bbox 265 455 328 514; x_wconf 82' lang='lat' dir='ltr'>rapit</span> <span class='ocrx_word' id='word_1_41' title='bbox 338 455 443 504; x_wconf 79' lang='lat' dir='ltr'>reuoluta</span> <span class='ocrx_word' id='word_1_42' title='bbox 455 473 496 518; x_wconf 88' lang='lat' dir='ltr'>per</span> <span class='ocrx_word' id='word_1_43' title='bbox 507 462 608 519; x_wconf 81' lang='lat' dir='ltr'>aequora</span> <span class='ocrx_word' id='word_1_44' title='bbox 618 473 712 506; x_wconf 82' lang='lat' dir='ltr'>navem.</span> 
     </span>
     <span class='ocr_line' id='line_1_8' title="bbox 7 522 733 584; baseline 0.006 -16"><span class='ocrx_word' id='word_1_45' title='bbox 7 565 8 568; x_wconf 75' lang='grc'>,</span> <span class='ocrx_word' id='word_1_46' title='bbox 95 522 164 572; x_wconf 87' lang='lat' dir='ltr'>Illum</span> <span class='ocrx_word' id='word_1_47' title='bbox 175 529 252 568; x_wconf 81' lang='lat' dir='ltr'>autem</span> <span class='ocrx_word' id='word_1_48' title='bbox 265 522 362 568; x_wconf 86' lang='lat' dir='ltr'>Aeneas</span> <span class='ocrx_word' id='word_1_49' title='bbox 374 522 492 570; x_wconf 80' lang='lat' dir='ltr'>absentem</span> <span class='ocrx_word' id='word_1_50' title='bbox 505 523 530 570; x_wconf 88' lang='lat' dir='ltr'>in</span> <span class='ocrx_word' id='word_1_51' title='bbox 542 522 630 584; x_wconf 81' lang='lat' dir='ltr'>proelia</span> <span class='ocrx_word' id='word_1_52' title='bbox 642 523 733 584; x_wconf 85' lang='lat' dir='ltr'>poscit:</span> 
     </span>
     <span class='ocr_line' id='line_1_9' title="bbox 95 582 664 649; baseline -0.004 -11"><span class='ocrx_word' id='word_1_53' title='bbox 95 588 171 638; x_wconf 81' lang='lat' dir='ltr'>Obvia</span> <span class='ocrx_word' id='word_1_54' title='bbox 181 582 257 632; x_wconf 80' lang='lat' dir='ltr'>multa</span> <span class='ocrx_word' id='word_1_55' title='bbox 266 586 345 633; x_wconf 81' lang='lat' dir='ltr'>virum</span> <span class='ocrx_word' id='word_1_56' title='bbox 356 589 463 636; x_wconf 87' lang='lat' dir='ltr'>demittit</span> <span class='ocrx_word' id='word_1_57' title='bbox 475 605 571 649; x_wconf 86' lang='lat' dir='ltr'>corpora</span> <span class='ocrx_word' id='word_1_58' title='bbox 583 586 664 637; x_wconf 75' lang='lat' dir='ltr'>morti.</span> 
     </span>
     <span class='ocr_line' id='line_1_10' title="bbox 93 649 741 717; baseline 0.005 -16"><span class='ocrx_word' id='word_1_59' title='bbox 93 655 157 704; x_wconf 90' lang='lat' dir='ltr'>Tum</span> <span class='ocrx_word' id='word_1_60' title='bbox 169 649 224 698; x_wconf 73' lang='lat' dir='ltr'>levis</span> <span class='ocrx_word' id='word_1_61' title='bbox 233 651 298 700; x_wconf 87' lang='lat' dir='ltr'>haud</span> <span class='ocrx_word' id='word_1_62' title='bbox 308 649 370 700; x_wconf 82' lang='lat' dir='ltr'>ultra</span> <span class='ocrx_word' id='word_1_63' title='bbox 380 651 480 702; x_wconf 78' lang='lat' dir='ltr'>latebras</span> <span class='ocrx_word' id='word_1_64' title='bbox 489 655 538 716; x_wconf 88' lang='lat' dir='ltr'>jam</span> <span class='ocrx_word' id='word_1_65' title='bbox 549 655 642 716; x_wconf 85' lang='lat' dir='ltr'>quaerit</span> <span class='ocrx_word' id='word_1_66' title='bbox 652 655 741 717; x_wconf 83' lang='lat' dir='ltr'>imago,</span> 
     </span>
     <span class='ocr_line' id='line_1_11' title="bbox 92 715 658 772; baseline 0 -4"><span class='ocrx_word' id='word_1_67' title='bbox 92 721 138 768; x_wconf 81' lang='lat' dir='ltr'>Sed</span> <span class='ocrx_word' id='word_1_68' title='bbox 147 715 244 764; x_wconf 86' lang='lat' dir='ltr'>sublime</span> <span class='ocrx_word' id='word_1_69' title='bbox 254 717 338 766; x_wconf 84' lang='lat' dir='ltr'>volans</span> <span class='ocrx_word' id='word_1_70' title='bbox 346 719 404 766; x_wconf 88' lang='lat' dir='ltr'>nubi</span> <span class='ocrx_word' id='word_1_71' title='bbox 412 720 570 772; x_wconf 75' lang='lat' dir='ltr'>sedmmiscuit</span> <span class='ocrx_word' id='word_1_72' title='bbox 580 733 658 770; x_wconf 80' lang='lat' dir='ltr'>atrae:</span> 
     </span>
     <span class='ocr_line' id='line_1_12' title="bbox 93 783 720 848; baseline 0.01 -18"><span class='ocrx_word' id='word_1_73' title='bbox 93 785 155 834; x_wconf 77' lang='lat' dir='ltr'>Cirm</span> <span class='ocrx_word' id='word_1_74' title='bbox 164 785 275 830; x_wconf 72' lang='lat' dir='ltr'>Turnum</span> <span class='ocrx_word' id='word_1_75' title='bbox 288 787 366 834; x_wconf 87' lang='lat' dir='ltr'>medio</span> <span class='ocrx_word' id='word_1_76' title='bbox 375 787 465 834; x_wconf 80' lang='lat' dir='ltr'>interea</span> <span class='ocrx_word' id='word_1_77' title='bbox 476 789 522 836; x_wconf 83' lang='lat' dir='ltr'>fert</span> <span class='ocrx_word' id='word_1_78' title='bbox 532 783 632 848; x_wconf 85' lang='lat' dir='ltr'>aequore</span> <span class='ocrx_word' id='word_1_79' title='bbox 641 790 720 836; x_wconf 86' lang='lat' dir='ltr'>turbo.</span> 
     </span>
     <span class='ocr_line' id='line_1_13' title="bbox 49 847 665 914; baseline 0.013 -23"><span class='ocrx_word' id='word_1_80' title='bbox 49 879 53 891; x_wconf 92' lang='lat'><em>.</em></span> <span class='ocrx_word' id='word_1_81' title='bbox 92 847 197 908; x_wconf 82' lang='lat' dir='ltr'><strong>Respicit</strong></span> <span class='ocrx_word' id='word_1_82' title='bbox 208 847 304 908; x_wconf 86' lang='lat' dir='ltr'>ignarus</span> <span class='ocrx_word' id='word_1_83' title='bbox 314 867 400 912; x_wconf 84' lang='lat' dir='ltr'>rerum,</span> <span class='ocrx_word' id='word_1_84' title='bbox 414 853 563 914; x_wconf 85' lang='lat' dir='ltr'>ingratusque</span> <span class='ocrx_word' id='word_1_85' title='bbox 575 853 665 911; x_wconf 84' lang='lat' dir='ltr'>salutis,</span> 
     </span>
     <span class='ocr_line' id='line_1_14' title="bbox 91 913 763 978; baseline 0.004 -14"><span class='ocrx_word' id='word_1_86' title='bbox 91 915 125 964; x_wconf 71' lang='lat' dir='ltr'>Et</span> <span class='ocrx_word' id='word_1_87' title='bbox 137 913 243 974; x_wconf 75' lang='lat' dir='ltr'>duplices</span> <span class='ocrx_word' id='word_1_88' title='bbox 251 931 306 964; x_wconf 88' lang='lat' dir='ltr'>cum</span> <span class='ocrx_word' id='word_1_89' title='bbox 317 934 373 966; x_wconf 87' lang='lat' dir='ltr'>voce</span> <span class='ocrx_word' id='word_1_90' title='bbox 385 935 469 968; x_wconf 88' lang='lat' dir='ltr'>manus</span> <span class='ocrx_word' id='word_1_91' title='bbox 480 922 510 968; x_wconf 91' lang='lat' dir='ltr'>ad</span> <span class='ocrx_word' id='word_1_92' title='bbox 519 921 591 968; x_wconf 77' lang='lat' dir='ltr'>sidera</span> <span class='ocrx_word' id='word_1_93' title='bbox 602 919 694 969; x_wconf 84' lang='lat' dir='ltr'>tendit:</span> <span class='ocrx_word' id='word_1_94' title='bbox 759 973 763 978; x_wconf 25' lang='lat'>⁸</span> 
     </span>
     <span class='ocr_line' id='line_1_15' title="bbox 10 981 744 1046; baseline 0.007 -19"><span class='ocrx_word' id='word_1_95' title='bbox 10 1038 13 1044; x_wconf 95' lang='lat'>.</span> <span class='ocrx_word' id='word_1_96' title='bbox 92 981 256 1042; x_wconf 84' lang='lat' dir='ltr'>Omnipotens</span> <span class='ocrx_word' id='word_1_97' title='bbox 267 985 368 1043; x_wconf 87' lang='lat' dir='ltr'>genitor,</span> <span class='ocrx_word' id='word_1_98' title='bbox 381 987 476 1032; x_wconf 83' lang='lat' dir='ltr'>tanton‘</span> <span class='ocrx_word' id='word_1_99' title='bbox 489 1001 527 1034; x_wconf 88' lang='lat' dir='ltr'>me</span> <span class='ocrx_word' id='word_1_100' title='bbox 539 987 636 1034; x_wconf 85' lang='lat' dir='ltr'>crimine</span> <span class='ocrx_word' id='word_1_101' title='bbox 647 987 744 1046; x_wconf 81' lang='lat' dir='ltr'>dignum</span> 
     </span>
     <span class='ocr_line' id='line_1_16' title="bbox 92 1046 741 1112; baseline 0.003 -16"><span class='ocrx_word' id='word_1_102' title='bbox 92 1046 201 1106; x_wconf 84' lang='lat' dir='ltr'>Duxisti,</span> <span class='ocrx_word' id='word_1_103' title='bbox 213 1059 239 1097; x_wconf 87' lang='lat' dir='ltr'>et</span> <span class='ocrx_word' id='word_1_104' title='bbox 251 1048 309 1097; x_wconf 84' lang='lat' dir='ltr'>tales</span> <span class='ocrx_word' id='word_1_105' title='bbox 318 1049 409 1098; x_wconf 87' lang='lat' dir='ltr'>voluisti</span> <span class='ocrx_word' id='word_1_106' title='bbox 421 1054 553 1112; x_wconf 79' lang='lat' dir='ltr'>expendere</span> <span class='ocrx_word' id='word_1_107' title='bbox 563 1050 665 1112; x_wconf 86' lang='lat' dir='ltr'>poenas?</span> <span class='ocrx_word' id='word_1_108' title='bbox 736 1077 741 1084; x_wconf 89' lang='lat'>·</span> 
     </span>
     <span class='ocr_line' id='line_1_17' title="bbox 94 1113 823 1177; baseline 0.004 -16"><span class='ocrx_word' id='word_1_109' title='bbox 94 1113 151 1176; x_wconf 82' lang='lat' dir='ltr'>Qo</span> <span class='ocrx_word' id='word_1_110' title='bbox 163 1113 240 1162; x_wconf 84' lang='lat' dir='ltr'>feror?</span> <span class='ocrx_word' id='word_1_111' title='bbox 258 1117 321 1162; x_wconf 88' lang='lat' dir='ltr'>unde</span> <span class='ocrx_word' id='word_1_112' title='bbox 333 1114 396 1174; x_wconf 68' lang='lat' dir='ltr'>abii?</span> <span class='ocrx_word' id='word_1_113' title='bbox 409 1133 468 1176; x_wconf 91' lang='lat' dir='ltr'>quae</span> <span class='ocrx_word' id='word_1_114' title='bbox 477 1133 515 1164; x_wconf 90' lang='lat' dir='ltr'>me</span> <span class='ocrx_word' id='word_1_115' title='bbox 526 1121 590 1176; x_wconf 81' lang='lat' dir='ltr'>suga,</span> <span class='ocrx_word' id='word_1_116' title='bbox 601 1117 701 1177; x_wconf 78' lang='lat' dir='ltr'>queriiue</span> <span class='ocrx_word' id='word_1_117' title='bbox 709 1114 823 1164; x_wconf 79' lang='lat' dir='ltr'>reducet?</span> 
     </span>
     <span class='ocr_line' id='line_1_18' title="bbox 94 1179 694 1238; baseline 0.005 -12"><span class='ocrx_word' id='word_1_118' title='bbox 94 1179 256 1228; x_wconf 83' lang='lat' dir='ltr'>Laurentcsne</span> <span class='ocrx_word' id='word_1_119' title='bbox 265 1181 350 1228; x_wconf 87' lang='lat' dir='ltr'>iterum</span> <span class='ocrx_word' id='word_1_120' title='bbox 357 1197 446 1238; x_wconf 87' lang='lat' dir='ltr'>muros,</span> <span class='ocrx_word' id='word_1_121' title='bbox 457 1190 498 1228; x_wconf 85' lang='lat' dir='ltr'>aut</span> <span class='ocrx_word' id='word_1_122' title='bbox 510 1179 583 1228; x_wconf 87' lang='lat' dir='ltr'>castra</span> <span class='ocrx_word' id='word_1_123' title='bbox 594 1179 694 1229; x_wconf 87' lang='lat' dir='ltr'>videbo?</span> 
     </span>
     <span class='ocr_line' id='line_1_19' title="bbox 91 1243 803 1311; baseline -0.001 -18"><span class='ocrx_word' id='word_1_124' title='bbox 91 1243 163 1311; x_wconf 73' lang='lat' dir='ltr'>Qid</span> <span class='ocrx_word' id='word_1_125' title='bbox 174 1259 257 1293; x_wconf 86' lang='lat' dir='ltr'>manus</span> <span class='ocrx_word' id='word_1_126' title='bbox 269 1244 310 1292; x_wconf 81' lang='lat' dir='ltr'>itia</span> <span class='ocrx_word' id='word_1_127' title='bbox 322 1245 408 1303; x_wconf 82' lang='lat' dir='ltr'>viriim,</span> <span class='ocrx_word' id='word_1_128' title='bbox 419 1245 459 1306; x_wconf 88' lang='lat' dir='ltr'>qui</span> <span class='ocrx_word' id='word_1_129' title='bbox 470 1261 517 1304; x_wconf 86' lang='lat' dir='ltr'>me,</span> <span class='ocrx_word' id='word_1_130' title='bbox 530 1245 628 1307; x_wconf 72' lang='lat' dir='ltr'>meaque</span> <span class='ocrx_word' id='word_1_131' title='bbox 639 1261 705 1294; x_wconf 88' lang='lat' dir='ltr'>arma</span> <span class='ocrx_word' id='word_1_132' title='bbox 715 1246 803 1302; x_wconf 64' lang='lat' dir='ltr'>seruth</span> 
     </span>
     <span class='ocr_line' id='line_1_20' title="bbox 96 1309 748 1378; baseline -0.003 -18"><span class='ocrx_word' id='word_1_133' title='bbox 96 1311 208 1378; x_wconf 71' lang='lat' dir='ltr'>Quosque</span> <span class='ocrx_word' id='word_1_134' title='bbox 218 1313 310 1373; x_wconf 77' lang='lat' dir='ltr'>(nesae)</span> <span class='ocrx_word' id='word_1_135' title='bbox 323 1327 406 1359; x_wconf 88' lang='lat' dir='ltr'>omnes</span> <span class='ocrx_word' id='word_1_136' title='bbox 415 1311 513 1360; x_wconf 78' lang='lat' dir='ltr'>infanda</span> <span class='ocrx_word' id='word_1_137' title='bbox 522 1313 636 1360; x_wconf 81' lang='lat' dir='ltr'>in&#39;morte</span> <span class='ocrx_word' id='word_1_138' title='bbox 647 1309 748 1372; x_wconf 71' lang='lat' dir='ltr'>ntiqui?</span> 
     </span>
     <span class='ocr_line' id='line_1_21' title="bbox 94 1375 723 1439; baseline -0.006 -12"><span class='ocrx_word' id='word_1_139' title='bbox 94 1379 130 1431; x_wconf 74' lang='lat' dir='ltr'>Et</span> <span class='ocrx_word' id='word_1_140' title='bbox 142 1393 205 1426; x_wconf 88' lang='lat' dir='ltr'>nunc</span> <span class='ocrx_word' id='word_1_141' title='bbox 216 1375 325 1438; x_wconf 87' lang='lat' dir='ltr'>palantes</span> <span class='ocrx_word' id='word_1_142' title='bbox 332 1378 410 1437; x_wconf 78' lang='lat' dir='ltr'>video,</span> <span class='ocrx_word' id='word_1_143' title='bbox 423 1379 585 1439; x_wconf 77' lang='lat' dir='ltr'>gemitumque</span> <span class='ocrx_word' id='word_1_144' title='bbox 596 1379 723 1426; x_wconf 78' lang='lat' dir='ltr'>cadentum</span> 
     </span>
     <span class='ocr_line' id='line_1_22' title="bbox 89 1441 790 1508; baseline -0.003 -14"><span class='ocrx_word' id='word_1_145' title='bbox 89 1445 208 1508; x_wconf 64' lang='lat' dir='ltr'>Accipio.</span> <span class='ocrx_word' id='word_1_146' title='bbox 229 1443 295 1508; x_wconf 79' lang='lat' dir='ltr'>Qid</span> <span class='ocrx_word' id='word_1_147' title='bbox 305 1443 363 1506; x_wconf 83' lang='lat' dir='ltr'>ago?</span> <span class='ocrx_word' id='word_1_148' title='bbox 383 1453 423 1493; x_wconf 82' lang='lat' dir='ltr'>aut</span> <span class='ocrx_word' id='word_1_149' title='bbox 433 1453 493 1506; x_wconf 80' lang='lat' dir='ltr'>quae</span> <span class='ocrx_word' id='word_1_150' title='bbox 502 1445 552 1507; x_wconf 85' lang='lat' dir='ltr'>jam</span> <span class='ocrx_word' id='word_1_151' title='bbox 562 1444 618 1494; x_wconf 83' lang='lat' dir='ltr'>satis</span> <span class='ocrx_word' id='word_1_152' title='bbox 626 1444 675 1492; x_wconf 86' lang='lat' dir='ltr'>ima</span> <span class='ocrx_word' id='word_1_153' title='bbox 686 1441 790 1492; x_wconf 72' lang='lat' dir='ltr'>dehiscat</span> 
     </span>
     <span class='ocr_line' id='line_1_23' title="bbox 93 1509 680 1572; baseline -0.007 -10"><span class='ocrx_word' id='word_1_154' title='bbox 93 1512 174 1562; x_wconf 82' lang='lat' dir='ltr'>Terra</span> <span class='ocrx_word' id='word_1_155' title='bbox 184 1511 259 1560; x_wconf 80' lang='lat' dir='ltr'>mibi?</span> <span class='ocrx_word' id='word_1_156' title='bbox 278 1526 320 1560; x_wconf 84' lang='lat' dir='ltr'>vos</span> <span class='ocrx_word' id='word_1_157' title='bbox 331 1509 437 1572; x_wconf 56' lang='lat' dir='ltr'>&amp;potius</span> <span class='ocrx_word' id='word_1_158' title='bbox 447 1511 593 1568; x_wconf 81' lang='lat' dir='ltr'>miserescite,</span> <span class='ocrx_word' id='word_1_159' title='bbox 606 1510 680 1558; x_wconf 82' lang='lat' dir='ltr'>venti.</span> 
     </span>
     <span class='ocr_line' id='line_1_24' title="bbox 98 1577 802 1644; baseline -0.003 -18"><span class='ocrx_word' id='word_1_160' title='bbox 98 1580 127 1626; x_wconf 90' lang='lat' dir='ltr'>ln</span> <span class='ocrx_word' id='word_1_161' title='bbox 138 1595 217 1640; x_wconf 85' lang='lat' dir='ltr'>rupes,</span> <span class='ocrx_word' id='word_1_162' title='bbox 228 1577 259 1626; x_wconf 71' lang='lat' dir='ltr'>iri</span> <span class='ocrx_word' id='word_1_163' title='bbox 265 1577 320 1626; x_wconf 82' lang='lat' dir='ltr'>saxa</span> <span class='ocrx_word' id='word_1_164' title='bbox 330 1577 472 1640; x_wconf 80' lang='lat' dir='ltr'>(volens&#39;ros</span> <span class='ocrx_word' id='word_1_165' title='bbox 480 1580 577 1644; x_wconf 74' lang='lat' dir='ltr'>Tumus</span> <span class='ocrx_word' id='word_1_166' title='bbox 585 1577 671 1638; x_wconf 84' lang='lat' dir='ltr'>adoro)</span> <span class='ocrx_word' id='word_1_167' title='bbox 741 1589 743 1595; x_wconf 62' lang='lat'><strong><em>⁴</em></strong></span> <span class='ocrx_word' id='word_1_168' title='bbox 793 1595 802 1600; x_wconf 83' lang='lat'>·</span> 
     </span>
     <span class='ocr_line' id='line_1_25' title="bbox 97 1644 703 1706; baseline -0.007 -12"><span class='ocrx_word' id='word_1_169' title='bbox 97 1647 167 1695; x_wconf 80' lang='lat' dir='ltr'>Ferte</span> <span class='ocrx_word' id='word_1_170' title='bbox 177 1655 264 1703; x_wconf 83' lang='lat' dir='ltr'>ratem,</span> <span class='ocrx_word' id='word_1_171' title='bbox 276 1645 392 1706; x_wconf 82' lang='lat' dir='ltr'>saevisque</span> <span class='ocrx_word' id='word_1_172' title='bbox 403 1645 468 1693; x_wconf 86' lang='lat' dir='ltr'>vadis</span> <span class='ocrx_word' id='word_1_173' title='bbox 479 1645 604 1694; x_wconf 89' lang='lat' dir='ltr'>immittite</span> <span class='ocrx_word' id='word_1_174' title='bbox 616 1644 703 1705; x_wconf 69' lang='lat' dir='ltr'>Syrtier</span> 
     </span>
     <span class='ocr_line' id='line_1_26' title="bbox 100 1709 753 1778; baseline -0.006 -18"><span class='ocrx_word' id='word_1_175' title='bbox 100 1715 156 1778; x_wconf 79' lang='lat' dir='ltr'>Qu</span> <span class='ocrx_word' id='word_1_176' title='bbox 167 1725 243 1772; x_wconf 88' lang='lat' dir='ltr'>neque</span> <span class='ocrx_word' id='word_1_177' title='bbox 253 1725 291 1758; x_wconf 87' lang='lat' dir='ltr'>me</span> <span class='ocrx_word' id='word_1_178' title='bbox 300 1709 394 1770; x_wconf 84' lang='lat' dir='ltr'>Rutuli,</span> <span class='ocrx_word' id='word_1_179' title='bbox 407 1727 450 1759; x_wconf 90' lang='lat' dir='ltr'>nee</span> <span class='ocrx_word' id='word_1_180' title='bbox 461 1711 550 1760; x_wconf 87' lang='lat' dir='ltr'>conseia</span> <span class='ocrx_word' id='word_1_181' title='bbox 562 1713 626 1758; x_wconf 81' lang='lat' dir='ltr'>sama</span> <span class='ocrx_word' id='word_1_182' title='bbox 638 1709 753 1772; x_wconf 85' lang='lat' dir='ltr'>sequatur.</span> 
     </span>
     <span class='ocr_line' id='line_1_27' title="bbox 98 1771 815 1834; baseline -0.008 -6"><span class='ocrx_word' id='word_1_183' title='bbox 98 1782 164 1828; x_wconf 84' lang='lat' dir='ltr'>Haec</span> <span class='ocrx_word' id='word_1_184' title='bbox 175 1792 317 1834; x_wconf 87' lang='lat' dir='ltr'>memorans,</span> <span class='ocrx_word' id='word_1_185' title='bbox 326 1779 411 1832; x_wconf 56' lang='lat' dir='ltr'>‚animo</span> <span class='ocrx_word' id='word_1_186' title='bbox 423 1794 486 1826; x_wconf 90' lang='lat' dir='ltr'>nunc</span> <span class='ocrx_word' id='word_1_187' title='bbox 497 1779 552 1834; x_wconf 86' lang='lat' dir='ltr'>huc,</span> <span class='ocrx_word' id='word_1_188' title='bbox 564 1792 627 1824; x_wconf 88' lang='lat' dir='ltr'>nunc</span> <span class='ocrx_word' id='word_1_189' title='bbox 639 1777 734 1824; x_wconf 65' lang='lat' dir='ltr'>fluduat</span> <span class='ocrx_word' id='word_1_190' title='bbox 746 1771 815 1832; x_wconf 82' lang='lat' dir='ltr'>iliue3</span> 
     </span>
     <span class='ocr_line' id='line_1_28' title="bbox 100 1843 675 1893; baseline -0.005 0"><span class='ocrx_word' id='word_1_191' title='bbox 100 1847 145 1893; x_wconf 84' lang='lat' dir='ltr'>An</span> <span class='ocrx_word' id='word_1_192' title='bbox 157 1843 201 1890; x_wconf 88' lang='lat' dir='ltr'>sese</span> <span class='ocrx_word' id='word_1_193' title='bbox 212 1853 323 1890; x_wconf 83' lang='lat' dir='ltr'>mucrone</span> <span class='ocrx_word' id='word_1_194' title='bbox 334 1845 365 1888; x_wconf 92' lang='lat' dir='ltr'>ob</span> <span class='ocrx_word' id='word_1_195' title='bbox 377 1851 472 1890; x_wconf 84' lang='lat' dir='ltr'>tantum</span> <span class='ocrx_word' id='word_1_196' title='bbox 482 1845 581 1890; x_wconf 83' lang='lat' dir='ltr'>dedecus</span> <span class='ocrx_word' id='word_1_197' title='bbox 592 1857 675 1890; x_wconf 84' lang='lat' dir='ltr'>amens</span> 
     </span>
     <span class='ocr_line' id='line_1_29' title="bbox 100 1906 672 1970; baseline -0.005 -11"><span class='ocrx_word' id='word_1_198' title='bbox 100 1911 198 1968; x_wconf 86' lang='lat' dir='ltr'>Induat,</span> <span class='ocrx_word' id='word_1_199' title='bbox 210 1917 234 1957; x_wconf 88' lang='lat' dir='ltr'>et</span> <span class='ocrx_word' id='word_1_200' title='bbox 242 1909 340 1955; x_wconf 83' lang='lat' dir='ltr'>crudum</span> <span class='ocrx_word' id='word_1_201' title='bbox 353 1923 394 1968; x_wconf 87' lang='lat' dir='ltr'>per</span> <span class='ocrx_word' id='word_1_202' title='bbox 406 1906 479 1955; x_wconf 84' lang='lat' dir='ltr'>costas</span> <span class='ocrx_word' id='word_1_203' title='bbox 490 1907 570 1970; x_wconf 85' lang='lat' dir='ltr'>exigat</span> <span class='ocrx_word' id='word_1_204' title='bbox 579 1908 672 1956; x_wconf 84' lang='lat' dir='ltr'>ensem:</span> 
     </span>
     <span class='ocr_line' id='line_1_30' title="bbox 101 1974 658 2036; baseline -0.005 -11"><span class='ocrx_word' id='word_1_205' title='bbox 101 1975 221 2026; x_wconf 73' lang='lat' dir='ltr'>Fiueiibus</span> <span class='ocrx_word' id='word_1_206' title='bbox 231 1991 262 2033; x_wconf 81' lang='lat' dir='ltr'>an</span> <span class='ocrx_word' id='word_1_207' title='bbox 272 1974 343 2036; x_wconf 83' lang='lat' dir='ltr'>jaciat</span> <span class='ocrx_word' id='word_1_208' title='bbox 355 1975 448 2032; x_wconf 84' lang='lat' dir='ltr'>mediis,</span> <span class='ocrx_word' id='word_1_209' title='bbox 460 1983 484 2022; x_wconf 88' lang='lat' dir='ltr'>et</span> <span class='ocrx_word' id='word_1_210' title='bbox 495 1974 566 2022; x_wconf 87' lang='lat' dir='ltr'>litora</span> <span class='ocrx_word' id='word_1_211' title='bbox 577 1977 658 2022; x_wconf 84' lang='lat' dir='ltr'>nando</span> 
     </span>
     <span class='ocr_line' id='line_1_31' title="bbox 102 2039 793 2110; baseline -0.006 -17"><span class='ocrx_word' id='word_1_212' title='bbox 102 2047 182 2094; x_wconf 88' lang='lat' dir='ltr'>Curva</span> <span class='ocrx_word' id='word_1_213' title='bbox 192 2051 268 2104; x_wconf 79' lang='lat' dir='ltr'>petat,</span> <span class='ocrx_word' id='word_1_214' title='bbox 280 2043 446 2103; x_wconf 83' lang='lat' dir='ltr'>Teucrumque</span> <span class='ocrx_word' id='word_1_215' title='bbox 457 2041 543 2090; x_wconf 87' lang='lat' dir='ltr'>iterum</span> <span class='ocrx_word' id='word_1_216' title='bbox 555 2041 577 2088; x_wconf 90' lang='lat' dir='ltr'>se</span> <span class='ocrx_word' id='word_1_217' title='bbox 589 2043 672 2088; x_wconf 88' lang='lat' dir='ltr'>reddat</span> <span class='ocrx_word' id='word_1_218' title='bbox 683 2039 707 2110; x_wconf 70' lang='lat' dir='ltr'>ip</span> <span class='ocrx_word' id='word_1_219' title='bbox 717 2054 793 2089; x_wconf 79' lang='lat' dir='ltr'>arma·</span> 
     </span>
     <span class='ocr_line' id='line_1_32' title="bbox 102 2107 724 2169; baseline -0.01 -11"><span class='ocrx_word' id='word_1_220' title='bbox 102 2111 152 2159; x_wconf 87' lang='lat' dir='ltr'>Ter</span> <span class='ocrx_word' id='word_1_221' title='bbox 161 2119 260 2159; x_wconf 80' lang='lat' dir='ltr'>conatus</span> <span class='ocrx_word' id='word_1_222' title='bbox 270 2116 396 2169; x_wconf 84' lang='lat' dir='ltr'>utramque</span> <span class='ocrx_word' id='word_1_223' title='bbox 405 2109 482 2154; x_wconf 85' lang='lat' dir='ltr'>viam:</span> <span class='ocrx_word' id='word_1_224' title='bbox 502 2117 538 2156; x_wconf 89' lang='lat' dir='ltr'>ter</span> <span class='ocrx_word' id='word_1_225' title='bbox 548 2107 652 2154; x_wconf 84' lang='lat' dir='ltr'>maxima</span> <span class='ocrx_word' id='word_1_226' title='bbox 661 2109 724 2168; x_wconf 85' lang='lat' dir='ltr'>Jubo</span> 
     </span>
     <span class='ocr_line' id='line_1_33' title="bbox 91 2171 746 2236; baseline -0.008 -12"><span class='ocrx_word' id='word_1_227' title='bbox 91 2175 244 2232; x_wconf 75' lang='lat' dir='ltr'>‘Continuit3</span> <span class='ocrx_word' id='word_1_228' title='bbox 261 2175 420 2236; x_wconf 85' lang='lat' dir='ltr'>juvenemque</span> <span class='ocrx_word' id='word_1_229' title='bbox 430 2173 504 2221; x_wconf 86' lang='lat' dir='ltr'>animi</span> <span class='ocrx_word' id='word_1_230' title='bbox 517 2173 623 2222; x_wconf 82' lang='lat' dir='ltr'>miserata</span> <span class='ocrx_word' id='word_1_231' title='bbox 634 2171 746 2232; x_wconf 78' lang='lat' dir='ltr'>represst.</span> 
     </span>
     <span class='ocr_line' id='line_1_34' title="bbox 102 2237 743 2301; baseline -0.014 -9"><span class='ocrx_word' id='word_1_232' title='bbox 102 2242 206 2292; x_wconf 86' lang='lat' dir='ltr'>Labitur</span> <span class='ocrx_word' id='word_1_233' title='bbox 216 2239 265 2288; x_wconf 85' lang='lat' dir='ltr'>alta</span> <span class='ocrx_word' id='word_1_234' title='bbox 276 2240 363 2298; x_wconf 86' lang='lat' dir='ltr'>secaris,</span> <span class='ocrx_word' id='word_1_235' title='bbox 376 2241 492 2301; x_wconf 71' lang='lat' dir='ltr'>fluctuque</span> <span class='ocrx_word' id='word_1_236' title='bbox 500 2239 609 2300; x_wconf 83' lang='lat' dir='ltr'>aestuque</span> <span class='ocrx_word' id='word_1_237' title='bbox 617 2237 743 2284; x_wconf 71' lang='lat' dir='ltr'>secundoe·</span> 
     </span>
     <span class='ocr_line' id='line_1_35' title="bbox 88 2303 706 2368; baseline -0.01 -12"><span class='ocrx_word' id='word_1_238' title='bbox 88 2307 136 2358; x_wconf 44' lang='lat' dir='ltr'>*Et</span> <span class='ocrx_word' id='word_1_239' title='bbox 147 2306 356 2368; x_wconf 81' lang='lat' dir='ltr'>patrisantiquam</span> <span class='ocrx_word' id='word_1_240' title='bbox 366 2307 449 2354; x_wconf 84' lang='lat' dir='ltr'>Dauni</span> <span class='ocrx_word' id='word_1_241' title='bbox 462 2309 565 2354; x_wconf 80' lang='lat' dir='ltr'>defertur</span> <span class='ocrx_word' id='word_1_242' title='bbox 575 2306 605 2352; x_wconf 90' lang='lat' dir='ltr'>ad</span> <span class='ocrx_word' id='word_1_243' title='bbox 615 2303 706 2351; x_wconf 84' lang='lat' dir='ltr'>urbem.</span> 
     </span>
     <span class='ocr_line' id='line_1_36' title="bbox 134 2370 697 2434; baseline -0.004 -16"><span class='ocrx_word' id='word_1_244' title='bbox 134 2377 173 2419; x_wconf 89' lang='lat' dir='ltr'>At</span> <span class='ocrx_word' id='word_1_245' title='bbox 185 2372 251 2434; x_wconf 76' lang='lat' dir='ltr'>Jouis</span> <span class='ocrx_word' id='word_1_246' title='bbox 262 2371 351 2420; x_wconf 83' lang='lat' dir='ltr'>interea</span> <span class='ocrx_word' id='word_1_247' title='bbox 363 2373 461 2422; x_wconf 86' lang='lat' dir='ltr'>monitis</span> <span class='ocrx_word' id='word_1_248' title='bbox 470 2370 602 2422; x_wconf 87' lang='lat' dir='ltr'>Mezentius</span> <span class='ocrx_word' id='word_1_249' title='bbox 613 2371 697 2418; x_wconf 86' lang='lat' dir='ltr'>ardens</span> 
     </span>
     <span class='ocr_line' id='line_1_37' title="bbox 100 2437 700 2500; baseline 0.002 -18"><span class='ocrx_word' id='word_1_250' title='bbox 100 2437 208 2484; x_wconf 84' lang='lat' dir='ltr'>Succedit</span> <span class='ocrx_word' id='word_1_251' title='bbox 220 2451 321 2497; x_wconf 80' lang='lat' dir='ltr'>pugnae,</span> <span class='ocrx_word' id='word_1_252' title='bbox 332 2440 482 2500; x_wconf 79' lang='lat' dir='ltr'>Teucrosque</span> <span class='ocrx_word' id='word_1_253' title='bbox 492 2437 582 2486; x_wconf 75' lang='lat' dir='ltr'>invadit</span> <span class='ocrx_word' id='word_1_254' title='bbox 594 2445 700 2485; x_wconf 79' lang='lat' dir='ltr'>ovantes.</span> 
     </span>
     <span class='ocr_line' id='line_1_38' title="bbox 92 2501 747 2570; baseline 0.005 -25"><span class='ocrx_word' id='word_1_255' title='bbox 92 2501 252 2560; x_wconf 16' lang='lat' dir='ltr'>‘Concurrunt</span> <span class='ocrx_word' id='word_1_256' title='bbox 260 2503 399 2563; x_wconf 83' lang='lat' dir='ltr'>Tyrrhenae</span> <span class='ocrx_word' id='word_1_257' title='bbox 411 2507 479 2562; x_wconf 83' lang='lat' dir='ltr'>aries,</span> <span class='ocrx_word' id='word_1_258' title='bbox 492 2514 563 2570; x_wconf 74' lang='lat' dir='ltr'>atque</span> <span class='ocrx_word' id='word_1_259' title='bbox 574 2501 747 2560; x_wconf 83' lang='lat' dir='ltr'>omnibus&#39;uni,</span> 
     </span>
     <span class='ocr_line' id='line_1_39' title="bbox 102 2565 731 2632; baseline 0.011 -24"><span class='ocrx_word' id='word_1_260' title='bbox 102 2565 153 2609; x_wconf 87' lang='lat' dir='ltr'>Uni</span> <span class='ocrx_word' id='word_1_261' title='bbox 164 2566 269 2628; x_wconf 87' lang='lat' dir='ltr'>odiisque</span> <span class='ocrx_word' id='word_1_262' title='bbox 281 2569 339 2626; x_wconf 67' lang='lat' dir='ltr'>virm</span> <span class='ocrx_word' id='word_1_263' title='bbox 352 2568 451 2630; x_wconf 84' lang='lat' dir='ltr'>telisque</span> <span class='ocrx_word' id='word_1_264' title='bbox 460 2572 622 2632; x_wconf 83' lang='lat' dir='ltr'>frequentibus</span> <span class='ocrx_word' id='word_1_265' title='bbox 633 2569 731 2622; x_wconf 79' lang='lat' dir='ltr'>instant.</span> 
     </span>
     <span class='ocr_line' id='line_1_40' title="bbox 103 2625 732 2702; baseline 0 -18"><span class='ocrx_word' id='word_1_266' title='bbox 103 2625 154 2684; x_wconf 64' lang='lat'>112⁰,</span> <span class='ocrx_word' id='word_1_267' title='bbox 166 2627 231 2678; x_wconf 78' lang='lat' dir='ltr'>velue</span> <span class='ocrx_word' id='word_1_268' title='bbox 240 2647 318 2694; x_wconf 75' lang='lat' dir='ltr'>rupes,</span> <span class='ocrx_word' id='word_1_269' title='bbox 331 2634 422 2702; x_wconf 70' lang='lat' dir='ltr'>casium</span> <span class='ocrx_word' id='word_1_270' title='bbox 430 2653 494 2698; x_wconf 85' lang='lat' dir='ltr'>quae</span> <span class='ocrx_word' id='word_1_271' title='bbox 505 2639 586 2698; x_wconf 83' lang='lat' dir='ltr'>prodit</span> <span class='ocrx_word' id='word_1_272' title='bbox 597 2637 623 2686; x_wconf 86' lang='lat' dir='ltr'>in</span> <span class='ocrx_word' id='word_1_273' title='bbox 634 2651 732 2698; x_wconf 59' lang='lat' dir='ltr'>aequor.</span> 
     </span>
    </p>
   </div>
   <div class='ocr_carea' id='block_1_3' title="bbox 0 0 915 2912">
    <p class='ocr_par' dir='ltr' id='par_1_3' title="bbox 0 0 915 2912">
     <span class='ocr_line' id='line_1_41' title="bbox 0 0 915 2912; baseline 0 0"><span class='ocrx_word' id='word_1_274' title='bbox 0 0 915 2912; x_wconf 95' lang='lat' dir='ltr'> </span> 
     </span>
    </p>
   </div>
  </div>
 </body>
</html>
