1806 2912
157 55 425 108 ,naua-rinos
458 52 544 116 uin.
571 51 616 100 xr.
670 27 825 112 711.'3u
878 31 880 36 ’

85 157 148 208 Ense
159 157 230 218 pedes
241 154 314 209 nudo,
327 163 434 213 puraque
443 146 552 198 interrita
561 149 652 206 parma.

5 269 7 284 ,
85 227 124 274 At
133 222 235 287 juvenis,
247 216 324 284 vieille
335 215 391 266 dolo
402 224 477 274 ratos,
489 211 568 262 avolat
579 212 636 272 ipse,
799 241 814 250 ·.
895 237 896 254 r

5 293 7 356 l
87 292 173 354 (Haud
182 287 260 352 mora)
272 283 432 346 conversisque
443 284 516 344 fugax
524 282 630 328 aufertur
638 277 752 339 habenis,
895 259 896 320 l

88 357 320 423 Qadrupedemque
330 349 405 400 citum
417 352 502 398 serram
514 344 577 396 ealce
588 345 682 406 fatigat.

5 445 6 448 ¹
86 427 155 474 Vane
164 423 247 484 Ligus,
259 415 486 480 frustraqueanimis
496 413 558 463 elate
567 412 679 476 superbis,

5 503 6 508 ’
88 491 257 552 Nequicquam
268 487 357 548 patrias
367 481 466 534 tenuisti
477 480 578 530 lubricus
589 489 666 530 artes:

90 561 143 608 Nec
151 559 214 605 iraus
226 565 251 604 te
261 553 406 602 ineolumem
417 547 496 599 fallaci
506 551 607 610 perteret
617 552 701 596 Auno.

89 625 233 674 Haoc'sntur
240 621 322 681 Virgo,
333 627 358 668 et
369 616 503 680 pernicibus
514 617 582 678 ignea
593 611 682 676 plantis

89 689 188 742 Transit
198 704 287 751 equum
298 686 373 745 endu,
386 683 504 746 frenisque
515 681 609 731 adversa
621 679 738 742 prehensis

90 756 260 817 congreditur,
272 753 404 815 poenasque
414 751 513 799 inimico
523 765 554 797 ex
563 748 678 811 sanguine,
685 747 769 809 sumit;

92 826 175 889 Qum
187 819 256 870 facile
266 820 377 881 accipiter
386 819 452 876 saxo,
465 817 527 866 sacer
537 813 594 874 ales,
608 817 638 862 ab
650 813 700 864 alto

91 889 252 952 Consequitur
262 887 346 948 pennis
357 884 480 936 sublimem
492 884 517 932 in
530 884 592 932 nube
602 879 748 942 columbam,

91 956 311 1019 Comprensamque
322 963 399 1014 tenet,
410 952 554 1014 pedibusque
563 948 674 998 eviscerat
681 949 763 998 uncis:

91 1026 157 1074 Tum
170 1039 247 1081 cruor,
259 1031 285 1071 et
293 1020 370 1068 vulsae
381 1019 494 1068 labuntur
501 1021 531 1067 ab
542 1015 637 1067 aethere
647 1014 751 1077 plumae.

126 1094 165 1140 At
174 1107 222 1140 non
234 1089 293 1138 haec
304 1085 375 1136 nullis
385 1087 510 1135 hominum
522 1085 586 1134 satur
596 1093 670 1146 atque
678 1085 785 1134 Doomm

95 1157 227 1206 Obserraus
238 1154 320 1215 endis,
336 1153 430 1204 summo
440 1150 578 1203 sedendus
587 1149 702 1214 Olympo.

93 1222 247 1286 Tyrrhenum
259 1223 352 1286 genitor
358 1221 522 1271 Tarchontem
534 1220 559 1268 in
571 1216 660 1281 proelia
670 1217 737 1270 saeva

95 1291 206 1350 Suscitat,
217 1301 241 1340 et
253 1289 352 1340 stimulis
362 1289 427 1338 haud
438 1287 550 1338 messibus
561 1287 646 1336 incitat
657 1285 711 1335 iras.

97 1361 162 1422 Ergo
173 1359 235 1408 inter
245 1361 326 1408 caedes
331 1357 489 1418 cedentiaque
499 1354 596 1417 agmina
603 1353 718 1403 Tarchon

96 1427 182 1473 Fertur
191 1439 263 1484 equo,
274 1423 390 1483 variisque
401 1421 495 1482 instigat
504 1421 601 1469 vocibus
610 1419 670 1480 alne,

96 1489 203 1540 Numine
215 1503 334 1549 quemque
342 1489 441 1536 rotans:
460 1483 582 1548 reficitque
593 1487 619 1534 in
630 1483 719 1546 proelia
730 1484 816 1548 pulsos.

98 1557 160 1624 Quis
167 1563 257 1612 metus,
269 1550 285 1601 d
296 1567 420 1614 nunquam
429 1551 536 1611 dolituri,
549 1549 565 1600 ὃ
576 1551 667 1612 semper
674 1552 762 1602 inertes

34 1678 36 1686 ,
96 1620 227 1684 Tyrrheni,
239 1635 300 1682 quae
311 1628 381 1668 tanta
392 1619 478 1668 animis
489 1618 582 1678 ignum
592 1615 675 1666 venit?

98 1689 197 1739 Femina
208 1684 317 1749 palantes
328 1685 387 1748 agit,
399 1695 472 1748 atque
483 1685 540 1733 huee
548 1685 644 1746 agmina
652 1679 741 1736 vertiti

95 1757 154 1823 Qu
162 1758 261 1813 serrum,
270 1753 358 1816 quidve
366 1752 424 1802 haec
433 1751 536 1814 gerimus
546 1751 595 1800 tela
602 1752 669 1802 irrita
680 1750 786 1804 dextris?

6 1833 8 1842 ’
97 1827 136 1874 Ar
148 1838 197 1872 non
209 1821 234 1870 in
245 1823 361 1870 Venerem
373 1819 461 1882 segnes,
473 1821 635 1882 notiumaque
645 1817 719 1881 belle3

6 1891 8 1956 i
97 1893 162 1948 Aut,
173 1888 214 1937 ubi
225 1905 296 1938 curva
304 1887 389 1936 choros
398 1887 487 1938 indixit
499 1887 559 1938 tibia
569 1886 664 1948 Bacchi,

6 1987 7 2026 l
98 1955 331 2016 Exspectandum,
345 1953 561 2016 etolenaepocula
572 1955 673 2003 mensae.

6 2035 7 2044 ¹
98 2021 147 2071 Hic
157 2035 233 2078 amor,
245 2020 292 2068 hoe
301 2019 423 2078 studium?
435 2023 493 2068 dum
503 2021 566 2068 sacra
574 2020 688 2070 secundus
698 2021 798 2086 aruspex

6 2077 7 2148 l
98 2086 215 2143 Nuntiet,
227 2102 255 2135 ae
266 2084 331 2134 lucos
341 2095 410 2134 vocet
419 2084 495 2134 hostia
507 2085 601 2147 pinguis
612 2085 637 2133 in
648 2084 718 2135 altos.

6 2159 7 2166 ’
98 2157 166 2204 Haec
176 2151 269 2212 effatus,
281 2167 369 2214 equum
382 2151 408 2200 in
417 2152 517 2212 medios,
530 2151 659 2200 moriturus
670 2162 695 2202 et
706 2152 763 2216 ipse,

99 2221 222 2278 Concitat,
234 2230 259 2269 et
271 2217 364 2268 Venulo
374 2219 496 2268 adversum
507 2219 648 2268 seturbidus
656 2219 739 2280 infert,

6 2309 7 2316 ¹
97 2289 280 2350 Dereptunrque
292 2288 322 2337 ab
331 2301 394 2347 equo
404 2287 488 2336 dextra
500 2283 777 2348 complantationem,

100 2358 134 2404 Et
146 2354 261 2416 gremium
270 2363 327 2402 ante
338 2353 404 2400 suum
413 2351 489 2402 multa
499 2353 521 2402 vi
530 2353 638 2404 concitur
647 2355 733 2406 aufert.

98 2418 206 2470 Tollitur
217 2421 242 2468 in
250 2419 342 2470 eoelum
354 2418 457 2469 clamor:
477 2419 602 2484 nuntiique
609 2420 695 2472 Latini

99 2485 243 2538 Conuenite
253 2485 343 2538 oculos.
362 2485 432 2537 Volat
442 2487 524 2548 igneus
534 2502 636 2551 aequore
643 2488 763 2546 Tarchon.

101 2557 189 2615 Anna,
201 2555 325 2617 vinumque
334 2555 425 2605 serens:
444 2564 496 2604 tum
506 2555 598 2604 summa
609 2551 719 2616 ipsiusab
730 2555 796 2612 hasla

99 2621 221 2684 Desringit
232 2624 334 2679 sernum
354 2631 378 2670 et
387 2633 465 2684 partes
477 2621 578 2672 rimatur
586 2632 691 2684 apertas,
769 2670 777 2677 ,

98 2687 157 2754 Q
168 2686 253 2740 uulnus
265 2685 353 2742 lethale
364 2691 434 2740 ferat.
452 2691 545 2742 Contra
553 2687 592 2740 ille
604 2705 738 2762 repugnans
