1806 2912
24 95 27 202 l

123 51 174 101 314
225 44 668 96 AENEIDOSLIB.X1.
719 44 776 96 828.

121 140 164 186 Ad
173 147 261 186 terram
274 156 323 186 non
336 141 419 200 sponte
425 142 510 187 fluens:
529 150 580 188 turn
591 141 674 202 frigida
685 151 740 191 toto

23 211 26 268 ξ
93 237 96 242 -
119 201 248 252 Paullatim
261 203 360 255 exsiluit
372 206 394 252 se
405 221 507 264 corpore,
519 203 631 268 lentaque
642 203 711 264 colla,

22 304 24 322 i
117 271 151 320 Et
164 279 261 330 captum
273 269 338 318 letho
349 269 425 328 posuit
436 280 515 331 caput,
528 287 595 320 anna
606 271 754 333 relinquens:

22 333 24 372 l
116 337 222 397 Vitaque
232 351 285 385 curn
296 336 385 394 gemitu
396 335 456 395 sugit
465 335 591 396 indignata
602 338 642 386 sub
654 341 759 388 umbras.

21 391 23 438 ἶ
117 403 183 452 Tum
195 418 249 456 vero
259 399 384 448 immensus
395 400 488 462 surgens
500 404 554 451 serit
566 420 635 452 aurea
646 403 737 454 clamor

118 469 210 517 Siderar
229 465 315 525 dejesta
325 465 439 516 crudescit
452 484 530 530 pugna
543 469 651 518 Camilla.

116 538 238 588 Incurmnt
249 529 322 588 densr,
334 529 403 580 srmul
415 533 493 582 onmis
503 536 569 596 copia
578 533 709 596 Teucriam,

114 595 312 662 Tyrrhentimque
322 599 402 660 duces,
415 601 565 662 Evandrique
573 605 680 650 Arcades
688 601 747 650 alae.

146 669 183 714 At
192 662 287 712 Triviae
298 663 374 712 custos
382 666 521 728 jamdudum
533 668 559 716 in
570 667 692 717 montibus
702 670 763 730 opis

113 730 174 782 Alta
185 728 248 778 sedet
258 729 365 789 summis,
378 732 511 794 spectatque
522 734 631 784 interrita
642 751 740 795 pugnas.

113 803 194 858 thue
201 793 285 856 procul
294 797 408 859 juvenum
418 799 496 847 medio
505 800 531 848 in
542 799 644 849 clamore
654 803 775 850 furentum

112 863 238 925 Prospenit
246 862 307 912 tristi
319 863 445 914 multatam
457 876 535 914 morte
544 867 683 926 Camillam
741 913 744 921 ,

113 931 288 992 lugemuitque,
300 931 412 994 deditque
423 932 467 980 has
476 933 526 980 imo
535 936 627 994 pestere
635 949 715 982 uoces:

111 997 178 1046 Heu!
196 997 309 1055 nimium,
321 997 402 1058 Virgo,
414 999 516 1047 nimium
528 999 619 1052 crudele
631 998 690 1048 luisti

112 1063 270 1126 Supplicium,
277 1065 382 1120 ‚Teucros
394 1075 480 1113 conata
491 1063 596 1116 laceskre
607 1061 680 1115 belloi

110 1131 165 1178 Nec
176 1131 222 1180 tibi
232 1130 334 1178 desertae
344 1131 369 1177 in
380 1132 460 1180 dumis
469 1129 561 1181 coluisse
569 1131 674 1180 Dianam

111 1197 217 1256 Profuit,
228 1206 269 1244 aut
281 1193 370 1244 nostras
380 1195 479 1244 humero
489 1195 574 1258 gesfisse
584 1197 721 1256 pharetrata
770 1190 774 1200 ’
803 1213 810 1218 ·

111 1265 170 1310 Non
182 1271 262 1310 tamen
271 1259 403 1308 indecorem
412 1271 453 1308 tua
463 1271 487 1308 te
498 1262 577 1320 regina
588 1261 705 1323 relinquet

110 1330 226 1379 Extrema
234 1327 285 1388 jam
297 1325 322 1374 in
334 1335 424 1374 morte:
443 1342 520 1388 neque
528 1327 573 1374 hoc
585 1325 631 1374 fine
641 1328 738 1376 nomine
748 1326 857 1390 lethum,

110 1395 158 1444 Pet
168 1402 249 1456 gentes
257 1393 314 1451 erit3
325 1404 375 1452 ¹:tritt
387 1395 476 1440 lamam
488 1391 583 1453 patieris
594 1391 691 1442 inultae.

111 1464 177 1510 Nam
187 1461 321 1524 quicunque
329 1457 502 1508 tuumviolauit
510 1457 606 1508 vulnere
616 1475 730 1521 corpus‚-
893 1489 894 1527 p

112 1530 195 1578 Morte
204 1528 254 1576 luet
263 1527 354 1575 merita.
374 1527 428 1576 Fuit
440 1526 522 1587 ingens
530 1536 613 1575 monte
624 1527 664 1574 sub
673 1525 724 1576 alto

113 1595 187 1657 Regis
196 1593 315 1644 Dercenni
323 1603 417 1645 terreno
427 1609 457 1640 ex
468 1609 550 1654 aggere
558 1591 651 1641 bustum

115 1662 223 1723 Antiqui
230 1660 366 1718 Laurentis,
378 1675 499 1721 opacaque
511 1659 562 1708 ilice
575 1661 676 1708 testumt

112 1727 162 1777 lllc
171 1731 224 1776 Dea
232 1727 365 1788 septimum
374 1725 458 1787 rapido
468 1724 625 1787 pulcherrima
636 1725 687 1774 nisu

113 1791 187 1852 Sistit,
199 1803 224 1842 et
233 1797 352 1841 Aruntem
365 1791 458 1840 tumulo
469 1790 600 1854 speculatur
610 1794 640 1840 ab
652 1789 711 1840 alto.

112 1863 149 1908 tn
160 1859 219 1907 vidit
230 1856 361 1918 fulgentem
369 1858 451 1914 armis,
462 1874 490 1904 ac
501 1873 562 1904 vana
572 1867 721 1915 tumentem

111 1927 170 1984 Cur,
182 1925 269 1985 inquit,
278 1922 378 1972 diversus
386 1919 452 1970 abis?
470 1922 517 1971 huc
527 1923 600 1983 dirige
612 1919 721 1982 gressum,
796 1977 799 1986 ,

112 1993 167 2042 Huc
177 1991 279 2052 periture
285 1988 353 2040 venit
372 1987 452 2048 capias
462 1997 490 2037 ut
498 1989 570 2049 digna
579 1987 695 2038 Camillae

113 2057 232 2108 Praemia.
247 2057 318 2105 Tune
325 2053 399 2104 etiam
410 2053 464 2104 telis
475 2056 573 2103 moriere
582 2053 689 2103 Dianae?

114 2125 232 2183 Dixit„et
243 2133 325 2172 aurata
335 2119 453 2172 uolucrem
461 2119 571 2170 Threissa
581 2122 691 2182 sagittam
730 2157 743 2162 .-

113 2189 252 2252 Depromsrt
260 2189 379 2250 pharetra,
391 2203 511 2248 cornuque
519 2188 609 2236 insensa
615 2187 728 2247 tetendit,

112 2260 147 2308 Et
155 2256 225 2304 duxit
234 2253 304 2316 longe
308 2273 316 2314 3
335 2255 409 2304 donec
420 2263 516 2302 curvata
527 2259 618 2302 co'r'rent

114 2325 179 2370 lnter
188 2322 306 2382 secapita‚
319 2330 343 2369 et
353 2321 461 2369 manibus
470 2320 521 2383 jam
532 2328 638 2380 tangeret
648 2319 740 2380 aequis,
754 2369 760 2374 ,

111 2388 192 2434 Laeva
202 2388 278 2435 aciem
290 2387 354 2444 serti,
367 2389 451 2436 dextra
458 2385 584 2448 'nerv'oque‘'
590 2383 712 2446 papillam.

111 2450 243 2510 Extemplo
254 2451 297 2500 teli
308 2451 430 2502 stridorem
442 2452 554 2514 aurasque
561 2451 669 2500 sonantes

8 2578 10 2580 Ι
109 2515 198 2570 Audiit
210 2531 258 2563 una
268 2522 359 2576 Aruns,
372 2517 493 2581 haesitque
504 2518 529 2566 in
540 2534 636 2577 corpore
648 2507 745 2567 serrum.

108 2575 179 2624 Illum
192 2581 352 2648 exspirantem
363 2583 428 2643 socii,
440 2595 513 2647 atque
522 2594 627 2634 extrema
640 2595 786 2648 gementem,

108 2639 188 2708 Obliti
195 2643 277 2704 ignoto
289 2662 428 2710 camporum
440 2651 465 2700 in
476 2649 571 2714 pulvere
582 2649 718 2716 linquunt:·
