1806 2912
75 59 127 119 ut
181 59 434 110 AENEIDos
466 60 552 108 ΗΒ.
582 59 626 108 ix.
677 59 702 107 ⁶.

73 156 165 213 Turne,
178 156 243 218 quod
254 155 349 214 optanti
358 151 448 202 Divdm
461 153 600 213 promittere
608 168 679 204 mmo

74 223 192 280 Auderet,
204 219 317 269 volvenda
326 219 409 268 diesen
420 215 504 268 attulit
514 218 586 268 ultro.

74 279 180 345 denus,
192 289 257 344 urbe,
269 296 293 334 et
302 285 376 342 sociis,
388 295 412 333 et
424 283 492 332 classe
501 285 589 344 relicta,

76 357 173 416 Sceptra
183 352 293 408 Palatini,
304 350 429 412 sedemque
441 353 504 412 petit
515 353 628 402 Evandri.

74 423 127 468 Nec
138 420 205 468 satis:
225 427 341 470 extremas
350 418 435 479 Cocyti
447 419 579 478 penetravit
589 421 620 468 ad
627 421 705 478 uther,
787 413 793 430 ⁸

74 488 245 548 Lydorumque
253 495 362 541 manum,
374 495 398 532 et
411 483 521 532 collestos
532 495 611 534 armat
622 485 728 547 agrestes.

75 553 139 617 Qid
148 548 253 598 dubitas?
271 563 335 598 nunc
344 560 440 611 tempus
450 567 532 612 equos,
543 567 607 600 nunc
616 551 705 613 poscere
716 566 810 600 currum

74 621 168 677 Rumpe
180 631 360 673 momsomnes,
370 627 395 664 ct
407 620 503 666 turbata
510 613 590 678 arripe
597 617 677 666 casira.

72 684 152 740 Dixit,
164 682 224 730 etin
235 679 327 733 coelum
338 684 464 744 paribusse
472 681 561 732 sustulit
571 683 627 743 alise

72 752 244 810 lugentemque
254 751 309 809 suga
319 749 389 798 secuit
400 751 439 798 sub
449 751 550 798 nubibus
560 767 649 800 arcum.
719 781 722 790 ·

71 815 182 877 Agnovit
192 815 295 878 juranis,
307 815 456 878 duplicesque
467 819 497 866 ad
508 815 580 864 sidera
593 815 684 878 palmas

71 879 179 941 Sustulit,
198 899 225 930 ac
237 881 280 930 tali
293 883 422 946 fugientem
433 882 466 930 est
476 899 532 932 voce
543 882 648 932 secutust

71 949 113 1007 Iri,
127 951 197 998 decus
205 943 275 1008 ,coeli¹
284 949 341 1010 ¹quit
351 960 374 1000 te
382 949 441 997 mihi
450 950 550 998 nubibus
561 952 636 998 asiam

70 1015 169 1065 Detulit
180 1015 304 1077 intereas?
315 1017 449 1075 ‚lupdehaec
458 1015 578 1067 tamam-a
589 1025 684 1076 repente
711 1049 714 1054 -
754 1035 760 1046 ·

70 1080 227 1144 Tempestas?
245 1079 348 1128 medium
360 1083 427 1136 rideo
434 1083 549 1136 ditiedere
560 1081 664 1139 coelum,
810 1101 820 1130 t

72 1147 231 1208 Palantesque
239 1145 295 1206 polo
304 1144 393 1201 slellatt
411 1147 495 1206 sequor
501 1148 582 1192 omina
589 1157 669 1204 tanta,

72 1213 186 1279 Qiisquis
194 1215 218 1260 iu
230 1227 297 1258 arma
304 1226 386 1260 vocaar
405 1221 430 1258 et
439 1209 470 1256 sic
478 1209 569 1266 effatus,
579 1213 610 1258 ad
619 1214 715 1260 undam.

72 1279 192 1336 Proceffit,
204 1273 341 1335 summoiqtre
351 1274 427 1322 hausit
436 1277 464 1323 de
475 1275 565 1334 gurgite
574 1273 695 1334 lymphas,

71 1345 151 1396 Multa
159 1347 224 1391 Deos
235 1357 319 1398 braum
336 1341 490 1401 unerauitquc
498 1339 593 1388 aethera
601 1339 672 1388 uotis.
763 1381 768 1394 ,

38 1435 43 1442 ·
104 1413 205 1476 Jamque
215 1408 294 1457 omnis
305 1407 395 1468 campis
402 1407 681 1468 exorcituribabapertir,
692 1417 696 1425 ·

71 1480 145 1527 Dives
152 1475 252 1538 equium,
262 1475 326 1524 dives
334 1475 407 1535 piilai
416 1473 484 1522 retiis
491 1482 516 1522 et
525 1474 583 1524 auri.

72 1543 192 1606 Messapus
201 1542 291 1605 primus
298 1541 367 1600 acies,
380 1539 498 1602 postrema
508 1543 617 1596 euticem

72 1611 207 1676 Tyrrhidae
213 1613 323 1672 Juvenes:
343 1609 421 1662 medio
432 1609 482 1657 dux
492 1606 586 1667 agmine
594 1609 696 1656 Turum⁴

60 1679 189 1736 ⁴Vertitur,
200 1693 266 1726 arma
274 1684 367 1733 tenens,
378 1684 403 1723 et
414 1684 468 1724 toto
476 1673 562 1724 vertice
570 1675 637 1734 supra
646 1671 686 1720 esi.

74 1749 124 1796 Ceu
134 1745 223 1804 septem
234 1743 327 1801 surgens
339 1740 422 1788 sedatis
433 1740 542 1788 amnibus
550 1739 613 1788 altus

73 1814 121 1861 Per
130 1811 228 1860 tacitum
242 1811 346 1866 Ganges,
359 1815 399 1854 aut
411 1807 494 1866 pingui
506 1805 601 1852 flumine
610 1803 695 1864 Nilus,

74 1879 137 1928 Cdm
151 1875 226 1925 reduit
238 1871 336 1932 campis,
349 1881 373 1919 et
382 1872 432 1932 jam
442 1872 464 1918 se
476 1871 582 1923 condidit
591 1870 665 1920 alveo.
730 1895 737 1904 ·

73 1941 124 1994 Hic
133 1943 231 1991 subitam
241 1939 309 1999 nigro
321 1935 444 1998 glomerari
455 1935 551 1996 pulvere
558 1939 646 1986 nubem

76 2009 224 2070 Prospiciunt
231 2005 326 2063 Teucri,
339 2019 365 2052 ac
376 2005 485 2052 tenebras
497 2003 612 2064 insurgere
623 2003 722 2066 campis,

76 2079 171 2126 Primus
182 2077 212 2122 ab
224 2071 318 2121 adversa
329 2069 462 2120 conclamat
471 2069 534 2118 mole
541 2073 640 2120 Caicus:

77 2145 137 2213 Qis
148 2141 240 2204 globus,
250 2137 266 2188 ὃ
275 2141 344 2196 circs,
354 2135 452 2198 caligine
461 2135 565 2186 volvitur
573 2133 639 2186 atra?

75 2211 144 2256 Ferte
155 2207 201 2254 cite
213 2209 311 2266 serrum,
322 2209 376 2254 date
385 2202 441 2260 tela,
453 2203 556 2252 scandite
568 2217 664 2260 mutuat,

74 2270 234 2328 Hostisadest,
247 2273 289 2318 eia.
310 2270 403 2332 Ingenti
414 2267 516 2330 clamore
526 2281 654 2330 peromnes

74 2340 188 2385 Condunt
197 2337 219 2382 se
227 2337 315 2383 Teucri
323 2347 414 2397 portus,
425 2345 449 2383 et
461 2337 555 2384 moenia
565 2331 692 2392 complent.

72 2405 185 2460 Namque
194 2401 228 2449 ita
237 2400 354 2450 discedens
363 2411 512 2462 praeceperat
519 2401 623 2462 optimus
631 2398 719 2453 armis.

73 2468 182 2511 Aeneas:
202 2465 219 2510 sr
231 2483 278 2524 qua
289 2466 379 2514 interea
391 2471 487 2516 fortuna
498 2464 582 2523 suisset,

71 2529 125 2572 Neu
136 2526 221 2575 struere
230 2533 343 2578 auderent
351 2533 436 2589 aciem,
448 2550 495 2581 neu
504 2535 594 2582 credere
602 2547 702 2592 campet

71 2589 153 2634 Castra
163 2595 244 2648 modo,
254 2603 279 2640 et
289 2605 355 2642 tutos
363 2597 481 2646 servarent
491 2615 571 2660 aggere
581 2613 668 2646 muros.

71 2653 143 2708 ¹²·th
155 2653 198 2698 etsi
209 2659 314 2706 comme
323 2675 422 2710 manum
434 2666 512 2725 pudor
521 2667 601 2728 iraque
610 2663 737 2734 muulqut,
