1818 2914
179 60 435 111 Aruernos
468 59 615 107 ΜΗ.
668 49 742 120 35ss
790 65 840 122 ιμ’

84 153 180 217 Turpia
193 155 300 202 membra
312 152 376 202 fimo.
396 150 459 200 Rifit
471 160 540 212 pater
552 151 659 211 optimus
668 147 719 211 olli,

85 223 122 272 Et
134 219 244 282 clypeum
256 217 331 268 efferri
340 217 415 281 jullit,
426 217 587 278 Didymaonis
599 227 671 278 artes,

84 287 198 348 Neptuni
209 287 273 336 sucro
281 288 375 336 Danais
381 287 416 332 de
428 283 492 346 polle
503 283 615 332 refixum.

84 355 142 406 Hoc
150 354 261 413 juvenem
272 352 392 414 egregium
403 349 531 411 praestanti
542 365 639 400 munere
651 351 734 400 donat.

124 417 180 467 Post
191 419 231 468 ubi
240 420 341 466 confesti
352 417 440 475 cursus,
452 425 476 464 et
488 419 549 464 dona
560 419 650 478 peregit
661 433 667 465 :

88 487 163 542 Nunc
174 483 190 534 sr
202 485 240 534 cui
251 485 325 533 virtus
337 483 475 545 animusque
487 484 511 530 in
523 485 615 544 periore
627 483 745 546 praesens,

89 550 173 611 Adsrt,
184 560 209 602 et
220 551 317 600 eunctis
328 548 426 601 attollat
437 549 533 597 brachia
542 547 636 610 palmis.

90 617 130 669 Sic
141 618 185 678 ait,
197 627 222 666 et
233 617 353 678 geminum
365 631 457 678 pugnae
465 615 580 678 proponit
591 615 724 666 honorem:

89 685 181 733 thori
192 682 297 730 velatum
308 699 365 730 auro
375 683 487 743 vittisque
495 681 621 743 juvencum
630 701 637 740 3

90 749 192 807 Ensem,
204 759 276 810 atque
286 747 400 808 insignem
411 748 511 810 galeam,
524 747 686 798 solatiando.
749 767 752 776 ¹

90 819 146 866 Noc
156 831 238 864 mora:
256 815 370 864 continuo
378 815 447 863 vastis
458 829 512 863 cnm
524 815 611 862 uiribus
622 814 689 862 effert

93 883 144 930 Ora
156 884 240 941 Dares,
253 897 388 943 magnoque
398 879 478 930 virum
490 882 512 928 se
521 895 642 938 murmure
653 880 732 932 tollit:
766 902 772 910 ·

92 946 162 996 Solus
173 949 215 1010 qui
225 949 336 997 Paridem
347 945 429 996 solitus
440 949 582 1002 contendere
593 957 690 996 contra:

92 1015 207 1076 Idemque
218 1017 248 1064 ad
259 1012 390 1071 tumulum,
403 1029 452 1075 quo
464 1013 583 1062 maximus
594 1016 694 1063 occubat
705 1016 805 1076 Hedor,

91 1082 212 1129 vitiorem
222 1085 297 1131 Buten
309 1081 411 1131 immani
423 1095 529 1141 corpore,
542 1080 583 1140 qui
595 1081 617 1128 se

91 1147 207 1207 Bebrycia
217 1149 313 1197 veniens
323 1148 413 1210 Amyci
424 1149 454 1195 de
465 1156 535 1208 gente
545 1150 645 1206 ferebat,

7 1213 9 1222 ’
93 1210 207 1271 Perculit,
219 1223 244 1263 et
255 1213 318 1262 fulva
330 1215 498 1263 moribundum
510 1215 618 1264 extendit
630 1226 709 1266 arena.

90 1277 160 1328 Talis
170 1281 248 1340 prima
259 1283 334 1329 Dares
346 1295 417 1342 caput
428 1281 503 1331 altum
516 1281 541 1328 in
554 1281 641 1341 proelia
652 1279 726 1345 tollit,

92 1343 250 1409 Ostenditque
261 1346 371 1395 humeros
384 1345 603 1408 latos,'altornaque
611 1348 685 1410 jactat
777 1361 778 1366 ’

90 1410 192 1462 Brachia
203 1414 356 1472 protendens,
367 1421 391 1458 et
400 1415 507 1460 verberat
518 1413 601 1460 ictibus
612 1427 686 1462 auras.

7 1515 9 1522 ,
91 1475 224 1540 Qaeritnr
233 1473 367 1529 laicalium
387 1473 562 1534 necqulsquain
571 1492 601 1522 err
610 1479 703 1537 agmine
714 1489 786 1530 tanto
867 1523 875 1536 ,

91 1541 179 1590 Audet
191 1537 256 1586 adire
266 1538 353 1595 virum,
365 1532 519 1598 inanibusque
530 1539 637 1588 iuducere
649 1541 743 1656 cerff.

726 1644 733 1668 ἰ

8 1603 10 1616 '
89 1608 159 1667 Ergo
170 1602 263 1661 alacris,
275 1603 417 1664 cundlosque
426 1612 513 1664 putans
523 1607 633 1653 excedere
643 1623 674 1667 pa

90 1675 191 1721 Aeneae
204 1668 269 1720 stetit
279 1677 336 1717 ante
347 1671 429 1730 pedes;
448 1685 492 1728 uec
502 1669 570 1731 plura
582 1681 696 1732 moratus,

93 1738 160 1786 Tum
173 1734 239 1784 laeva
251 1743 346 1784 taurum
358 1749 431 1784 corne
442 1745 517 1794 tenet,
529 1746 602 1798 atque
613 1737 647 1786 ita
658 1741 738 1790 satura

91 1806 157 1852 Nate
168 1805 235 1860 Dea,
245 1800 261 1848 fi
273 1817 345 1850 nemo
354 1805 424 1852 audet
436 1802 458 1850 se
469 1806 674 1866 credere'pugnae,

92 1869 162 1931 Qae
174 1867 226 1916 finis
239 1865 330 1936 flandi?
348 1886 397 1930 quo
408 1885 446 1917 me
455 1872 523 1920 decet
533 1871 606 1934 usque
616 1871 708 1922 teneri?

89 1937 184 1982 Ducere
196 1933 259 1980 dona
267 1934 332 1996 jube»
350 1937 435 1984 Cuncti
447 1936 515 1986 fimul
525 1955 565 1988 ore
577 1935 712 1990 fremebant

89 1999 252 2056 Dardanidae,
264 2001 376 2062 reddique
384 2002 435 2048 viro
445 2001 557 2062 promilla
565 2005 690 2066 jubebant.

87 2063 140 2115 Hic
152 2065 228 2126 gravis
240 2064 362 2114 Entellum
375 2067 442 2114 dietis
453 2067 550 2128 castigat
561 2068 668 2127 Acestes,

88 2131 218 2180 Proximus
228 2142 256 2180 ut
268 2131 384 2180 viridante
394 2143 447 2180 toro
459 2135 594 2180 consederat
606 2133 708 2183 herbae:

87 2195 194 2256 Entelle,
206 2197 305 2246 heroum
318 2200 440 2260 quondam
453 2197 576 2246 lortiffime
587 2197 681 2260 frustra,

86 2265 201 2312 Tantane
213 2273 264 2314 tam
276 2253 369 2324 patieris
381 2261 447 2312 nullo
458 2265 588 2313 certamine
598 2261 652 2313 tolli
730 2313 734 2322 ,

87 2331 162 2378 Dona
174 2328 247 2376 fines?
265 2331 306 2377 ubi
318 2344 381 2378 nunc
392 2331 461 2378 nobis
471 2333 538 2378 Deus
549 2329 597 2390 ille,
610 2331 721 2394 magister

85 2395 255 2456 Nequicquam
269 2406 413 2444 memoratus
422 2396 504 2458 Eryx?
521 2399 562 2444 ubi
574 2400 638 2446 fama
650 2417 800 2461 peromnem
814 2437 816 2442 -

83 2461 246 2518 Trinacriam,
259 2473 284 2510 et
295 2459 367 2522 spolia
379 2460 419 2509 illa
431 2463 478 2510 tuis
489 2459 616 2525 pendentia
627 2467 713 2516 retiis?

83 2523 131 2574 Ille
143 2525 183 2572 sub
196 2526 268 2575 haec:
289 2531 346 2576 Non
358 2525 432 2577 laudis
443 2545 519 2588 amor,
532 2547 574 2578 nec
586 2529 659 2591 gloria
668 2533 733 2582 ceffit

82 2589 159 2642 Pulsa
172 2603 253 2640 metu:
272 2593 310 2642 sed
322 2595 384 2642 enim
397 2595 487 2657 gelidus
496 2599 607 2645 tardante
618 2597 709 2646 senedta

82 2657 189 2721 Sanguis
198 2659 278 2721 heom,
291 2652 424 2723 frigdtque
434 2659 533 2711 edoctae
543 2664 569 2714 in
581 2669 678 2726 corpore
688 2665 757 2714 uires·

430 2731 451 2778 P
470 2742 485 2779 a
