1806 2912
103 61 152 109 ara
195 54 453 107 AENliinos'
482 59 568 104 MR.
599 59 664 109 vili.
709 52 771 119 μή.

100 149 174 198 Hunc
184 150 230 198 tibi
239 159 366 210 praeterea,
377 150 427 210 spes
438 161 462 198 et
471 149 553 198 solatia
565 152 649 212 nostri,
744 147 749 155 “

103 215 213 266 Pallanta
223 217 364 278 adjungam:
382 215 422 261 suh
432 223 456 263 te
466 216 567 265 tolerare
577 218 690 280 magistro

102 281 228 341 Militiam,
239 292 338 342 etgrave
345 282 431 329 Martis
442 299 512 343 opus,
523 295 565 332 tua
573 301 666 334 cernere
678 289 741 338 sacia
786 330 788 338 .

103 346 237 404 Assuescie;
256 347 337 408 primis
348 355 374 394 et
384 356 410 396 te
422 349 521 400 miretur
532 354 560 398 ab
572 351 648 400 aunis.

103 419 209 464 Arcadas
219 415 273 474 huie
281 412 372 473 equites
381 414 418 462 bis
426 425 535 475 centum,
547 419 630 465 robora
641 419 713 478 pubis

103 485 175 533 Lecta
185 481 246 542 dabo
255 496 261 536 ς
281 479 432 542 totidemque
444 483 484 530 suo
494 483 538 531 tibi
550 483 647 534 nomine
657 483 744 542 Pallas.

133 548 178 596 Vix
189 563 215 594 ea
224 547 287 593 satus
296 555 358 604 emt,
370 547 488 610 defixique
499 563 540 596 ora
550 551 664 600 tenebant

99 618 192 662 Aeneas
201 611 359 661 Anchisiades
370 623 394 662 et
406 613 464 663 fidus
472 615 587 675 Achates,

98 677 224 740 Multaque
235 680 294 727 dura
306 679 347 730 suo
355 679 416 731 tristi
427 697 480 730 cum
489 685 559 732 eorde
567 685 702 744 putabant3
737 699 739 706 ·
753 709 756 714 ·

98 742 134 794 Ni
146 743 241 806 signum·
248 745 316 794 coelo
327 747 446 809 Cytherea
456 746 553 798 dedisset
562 760 654 812 aperto.

97 814 210 874 Namque
221 813 351 874 improviso
362 813 467 864 vibratus
477 819 506 864 ab
515 817 610 866 aethere
621 819 701 878 fulgur

97 881 161 928 Cum
173 879 252 928 souitu
263 881 341 939 venit3
360 891 385 930 et
394 897 459 931 tuere
467 883 549 942 omunia
559 884 607 932 visa
618 894 725 945 repente,

95 945 282 1008 Tyrrhenusque
292 950 363 996 tubae
373 949 464 1010 mugire
474 965 516 1010 per
526 950 620 1012 aethera
631 948 736 1012 elingui.

98 1013 248 1075 suspiciunt:
267 1014 352 1062 iterum
364 1023 437 1075 atque
446 1016 530 1062 iterum
544 1019 621 1077 fragor
631 1019 729 1066 intonat
740 1015 834 1077 ingens.

97 1086 181 1130 Arma
189 1081 253 1129 inter
261 1083 357 1137 nubem,
368 1080 463 1144 caeli-in
474 1083 568 1142 regione
579 1083 657 1130 serena
828 1085 831 1092 '

99 1149 146 1196 Per
155 1147 238 1196 sudum
247 1145 341 1194 rutiiare
350 1146 440 1203 vident,
452 1155 476 1194 et
487 1145 553 1206 pulsa
562 1155 653 1196 tonare.
753 1169 760 1176 ·

98 1211 245 1273 Obstupuere
255 1211 339 1258 animis
350 1209 402 1258 alii:
421 1211 461 1258 sed
469 1211 557 1259 Troius
568 1213 637 1261 heros

98 1279 206 1340 Agnovit
218 1277 330 1334 sonitum,
343 1276 451 1332 etDivae
463 1274 572 1336 promissa
584 1279 697 1338 parentis.

96 1345 161 1395 Tum
172 1351 302 1391 memorate
321 1346 358 1390 Ne
370 1357 434 1399 vero,
447 1342 539 1404 hospes,
551 1359 581 1392 nc
592 1357 677 1405 quaere
686 1345 809 1406 profesto,

99 1413 177 1478 Qem
190 1410 267 1458 casum
279 1418 391 1470 portenta
403 1411 494 1458 serant:
513 1425 556 1471 ego
566 1411 648 1472 poscor
655 1410 775 1472 Olympo.

98 1481 153 1529 Hoc
165 1476 255 1538 srg'num
267 1477 351 1526 cecinit
364 1473 483 1525 miii'uram
494 1475 549 1524 diva
562 1477 674 1535 creatrix,

100 1546 126 1595 Si
137 1541 226 1594 belluni
238 1545 364 1606 ingeneret,
373 1543 536 1605 ,Vulcaniaque
543 1557 610 1592 amia
621 1559 663 1605 per
673 1557 741 1592 aurae

21 1649 30 1658 .
99 1615 218 1662 Laturam
230 1611 326 1660 auxilio.
886 1621 887 1676 i

99 1681 163 1738 Heu,
174 1688 277 1741 quantae
289 1678 379 1726 miseris
386 1679 466 1726 caedes
478 1677 636 1727 Laurentibus
646 1675 745 1725 instant!

100 1747 168 1812 Qas
179 1761 265 1806 paenas
273 1744 343 1801 mihi,
351 1746 442 1801 Turne,
456 1744 532 1792 dabis!
545 1760 618 1806 quarn
629 1742 704 1791 multa
714 1741 755 1798 sub
767 1744 842 1792 undas

97 1816 172 1862 Scuta
181 1809 267 1869 virini,
280 1808 409 1870 galeasque,
422 1820 447 1858 et
456 1810 527 1859 sortia
536 1825 634 1871 corpora
645 1808 733 1867 volves,

100 1879 178 1942 Tybri
189 1876 267 1940 pater!
285 1875 382 1935 poscunt
393 1876 462 1932 acies,
475 1887 500 1923 et
511 1877 604 1924 foedera
617 1883 740 1936 rumpant.

132 1949 198 1994 Haec
208 1943 249 1992 ubi
260 1943 321 1991 dicu
331 1941 406 1999 dedit,
418 1939 476 1989 soiio
484 1941 506 1989 se
516 1939 580 1990 tollit
590 1944 620 1989 ab
631 1940 693 2000 alt03

99 2013 134 2062 Et
147 2011 250 2074 primuni
262 2007 475 2069 Herculeis-sopitas
486 2009 580 2069 ignibus
588 2023 640 2056 aras

100 2079 213 2136 Excitat3
232 2075 412 2136 hesternumque
423 2078 519 2130 Larem,
532 2075 662 2136 parvosque
672 2075 775 2126 Penates

99 2149 190 2195 Laetus
202 2145 266 2192 adit:
287 2145 374 2190 irradiat
386 2141 455 2190 lesias
467 2143 573 2188 de'more
582 2141 697 2199 bidentes,

100 2209 334 2268 Evandrus'pariter,
346 2207 545 2269 pantu-Trajan
554 2207 671 2268 juventus.

100 2275 155 2324 Post
167 2275 224 2321 hiuc
235 2277 267 2322 ad
278 2283 350 2322 naves
361 2273 474 2336 graditur,
486 2273 603 2334 sociosque
614 2269 704 2319 revisit:

99 2342 209 2404 Qorum
218 2341 248 2386 de
257 2355 365 2398 numero,
379 2339 475 2402 quidese
485 2340 511 2388 in
522 2338 582 2387 beila'
593 2339 729 2398 sequautur,

98 2403 246 2452 Praestantes
255 2404 344 2452 virtute
355 2404 425 2466 legit:
444 2421 498 2466 paru
507 2402 683 2466 caetera'proni
771 2425 773 2432 ⁴

96 2471 181 2515 Fertur
189 2467 262 2528 aqui,
274 2471 395 2531 segnisque
403 2473 503 2520 secundo
513 2472 594 2520 defluit
605 2471 680 2530 amni,

95 2533 192 2578 Nuueia
201 2543 301 2581 ventura
311 2536 416 2584 Ascanio
427 2547 553 2600 rerumque
563 2537 691 2600 petrisque.

95 2593 193 2640 Dantur
202 2599 257 2655 equi
264 2601 363 2648 Teucris
370 2603 495 2662 Tyrrhena
507 2605 642 2665 petentibus
651 2619 723 2652 artat

94 2655 195 2706 Ducunt
206 2661 324 2718 erfonem
334 2669 432 2718 Aeneae
436 2687 445 2730 5
461 2685 538 2732 ¹quern
549 2669 615 2722 fulva
625 2668 701 2722 leonis
740 2689 745 2698 ·
