1806 2912
13 49 14 74 r
97 25 146 88 276
197 33 569 84 nutritionem.
600 35 632 80 X.
684 33 747 94 165..

12 195 14 200 ¹
95 137 248 198 Strymoniae
257 139 317 186 dant
325 137 387 197 rigna
395 149 469 196 grues,
482 143 556 196 arque
565 135 661 184 aethna
670 145 769 189 tranant

95 204 160 252 Cum
170 203 257 261 sonitu,
270 203 408 264 fugiuntque
417 203 497 250 Notos
506 200 609 252 clamore
618 203 726 254 secundo.

95 273 134 320 At
144 269 235 319 Rutulo
244 269 300 329 regi,-
309 266 451 328 ducibusque
460 285 488 316 ea
500 270 563 318 mira
575 270 649 319 rideri

94 338 220 395 Ausoniis;
239 338 311 383 donec
320 333 394 382 versas
405 331 437 382 a'd
446 332 518 384 litora
527 351 618 398 puppes

95 405 241 466 Respiciurrt,
253 409 381 461 totumque
391 398 464 449 allabi
474 401 580 451 elaiiibus
588 417 683 464 aequor.

93 473 173 522 Ardet
183 471 241 529 uper
252 466 335 528 capiti,
347 465 467 530 cristisque
476 468 490 516 ri
499 469 584 518 vertice
595 469 691 517 flamma

93 536 215 592 Funditur,
227 543 252 580 et
260 532 338 582 vallos
349 537 424 582 umbo
433 537 508 584 vomit
517 550 599 584 aureus
608 535 687 596 ignes:

91 605 147 651 Nou
156 602 226 658 secus,
238 615 267 648 ac
275 598 368 663 liquida
376 601 392 649 sr
400 605 495 664 quando
504 603 572 650 nodie
582 611 688 651 cometae

90 667 214 728 Sanguinei
223 665 323 730 lugubre
332 671 430 728 rubeut;
449 679 489 718 aut
498 669 570 718 Sirius
579 671 657 728 ardor,

88 733 130 782 ille
139 733 202 783 srtim
212 735 356 798 morbosque
363 739 438 785 ferens
449 733 589 786 mortalibus
600 735 682 796 aegris,

86 801 209 860 Nascitur,
222 813 247 851 et
259 801 326 850 laevo
336 803 458 852 contristat
467 801 556 851 lumine
564 803 664 852 coelum.

87 867 162 917 Haud
173 878 256 918 tamen
268 871 350 918 audaci
357 871 441 919 Turno
450 870 533 920 fiducia
542 868 606 920 cessa
620 876 625 884 “

89 934 176 984 Litora
188 937 328 998 praeripere,
341 947 365 986 et
375 938 496 986 venientes
507 935 593 998 pellere
602 947 672 986 terra.

89 1000 164 1052 Ultro
175 1003 269 1052 animos
276 1002 341 1054 tollit
350 1003 427 1063 dinis,
436 1015 507 1066 atque
517 1004 623 1065 increpat
634 1002 697 1052 ultro
707 1019 714 1051 ε

90 1069 166 1136 Qud
176 1070 239 1119 votis
247 1069 356 1130 optiliis,
369 1069 441 1129 adest,
454 1073 597 1132 perfringere
608 1072 705 1118 dextrae

90 1137 120 1190 In
132 1137 241 1185 manibus
249 1140 315 1184 Mars
326 1137 381 1196 ipse,
395 1137 446 1184 viri.
467 1139 539 1184 Nune
549 1135 654 1196 conjugis
664 1133 713 1182 ello

91 1203 196 1268 Qisque
205 1201 256 1249 suae
265 1201 367 1262 tetrique
375 1215 480 1248 memor:
499 1213 563 1248 nunc
572 1215 659 1262 magua
671 1203 761 1250 referto
789 1237 801 1242 -.
865 1219 871 1236 ¹

90 1269 160 1318 uana
172 1277 277 1329 patrum,
290 1265 421 1326 laudesque.
441 1264 512 1314 Ultro
520 1281 669 1314 occurramus
677 1268 708 1314 ad
715 1270 822 1332 undaro,

86 1335 155 1384 Dum
167 1333 262 1394 trepidi,
272 1331 408 1394 egreffisque
416 1330 498 1400 labant
506 1331 601 1394 vestigia
612 1331 698 1394 prima.

84 1402 215 1450 <Audentes
227 1402 322 1450 furtum
332 1400 407 1462 juvat.
501 1435 502 1438 ,

88 1469 154 1518 Haec
165 1468 209 1527 ait,
221 1477 245 1518 et
255 1467 332 1516 secum
342 1467 426 1526 versat,
438 1481 500 1528 quos
507 1465 591 1515 ducere
599 1473 692 1527 contra,

88 1533 133 1586 vel
142 1533 228 1598 quibus
235 1532 410 1595 obseilospolirt
418 1535 556 1583 contradere
567 1548 656 1582 muros.

124 1607 217 1652 Interea
225 1607 322 1651 Aeneas
331 1601 404 1650 socios
415 1603 443 1650 de
452 1601 572 1663 puppibus
581 1599 635 1649 altis

89 1669 208 1720 Pontibus
217 1669 325 1730 exponit.
345 1666 420 1718 Multi
430 1668 518 1716 serrare
529 1667 633 1718 recursus

88 1737 238 1797 Languentis
247 1733 332 1796 pelagi,
345 1745 368 1783 et
379 1735 487 1783 brevibus
495 1735 518 1783 se
526 1735 618 1782 credere
628 1730 702 1782 saltu:

89 1803 135 1851 Per
143 1817 222 1850 remos
229 1800 277 1850 alii.
297 1799 435 1861 Speculatus
443 1799 642 1858 litoraTarchon,

88 1867 145 1933 Qi
152 1869 212 1915 rada
220 1883 268 1914 uon
276 1865 361 1928 sperat,
375 1883 418 1914 uec
429 1869 504 1916 frasta
515 1875 674 1914 remurmurat
683 1866 756 1924 uude,

88 1936 135 1985 Sed
143 1949 206 1984 mare
218 1931 357 1982 inoffensum
368 1931 478 1982 crescenti
487 1931 599 1982 allabitur
607 1931 679 1992 aeliu,

88 1999 203 2052 Advertit
214 1994 291 2049 subito
302 2016 393 2062 proras,
404 1999 523 2062 sociosque
530 2007 653 2062 precatura

88 2073 171 2128 Nunc,
181 2065 198 2117 d
208 2066 267 2116 ledia
275 2083 371 2126 manus;
389 2066 474 2116 validis
483 2067 614 2117 incumbite
625 2064 707 2123 remita

87 2135 189 2194 Tollite,
202 2137 262 2184 serte
273 2145 348 2194 rates3
368 2134 489 2183 inimicam
500 2133 583 2182 findite
590 2131 669 2182 rostris

88 2205 160 2251 Hauc
167 2212 265 2260 terram,
278 2201 414 2263 sulcumque
423 2199 465 2248 srbi
473 2210 567 2261 premat
575 2198 624 2258 ipsa
632 2196 721 2247 carina.

88 2271 205 2328 Frangere
216 2283 260 2315 uec
269 2266 314 2315 tali
323 2268 422 2330 puppim
434 2265 533 2316 statione
545 2264 632 2322 recutb3

87 2337 194 2393 Arrepta
203 2331 286 2381 tellure
294 2333 372 2383 semel.
393 2336 460 2400 Qae
471 2331 529 2382 talia
538 2329 664 2396 postquam

88 2396 312 2455 EffatusTarchou,
326 2401 381 2448 socii
392 2401 528 2462 consurgere
536 2396 618 2454 tonfis,

88 2461 277 2525 spumantesque
286 2473 348 2514 rates
359 2468 421 2514 arvis
433 2467 518 2515 inferre
527 2464 636 2514 Latinis:

84 2523 172 2572 Donec
183 2526 256 2596 rosira
265 2531 451 2591 terentiacum,
465 2543 488 2582 et
497 2531 572 2581 seddre
581 2531 676 2578 carinae
889 2583 890 2590 ἵ

86 2589 177 2635 Ourues
185 2591 314 2652 innocuae3
334 2597 373 2644 sed
382 2613 431 2646 non
441 2599 528 2660 puppis
537 2608 587 2656 tua,
598 2597 713 2646 Tarchon
718 2611 732 2645 ι·
825 2597 829 2604 '

84 2649 198 2712 quue
205 2654 295 2708 iuditia
306 2663 382 2722 radis,
394 2665 463 2714 dorso
471 2663 625 2728 dumpeudet
634 2663 729 2727 iniquo,
