1818 2914
163 105 819 182 nauuruostrn.vrr.130.211
896 77 897 132 ἶ

83 216 164 278 Qtare
173 212 243 273 agite,
255 221 288 268 et,
301 209 378 271 primo
388 205 443 258 lacti
455 225 507 256 curn
521 205 690 266 ruminandis,

85 283 153 345 Qae
159 279 222 351 lora,
234 277 303 338 quive
315 275 419 324 habeant
428 275 544 334 homines,
557 277 598 323 ubi
610 276 703 324 moenia
713 275 799 337 gentis,

84 345 165 397 vesti·
142 361 237 408 gemus,
249 354 276 392 et
285 361 299 392 a
310 351 382 406 portu
393 343 481 391 diversa
491 354 608 404 petamus

86 419 157 463 Nunc
167 421 258 474 pateras
268 407 340 458 libate
351 409 413 473 Jori,
423 411 575 488 precibusque
586 419 697 462 vocate
751 443 752 448 ,

47 479 50 490 '
84 479 206 530 Anchisen
214 477 358 539 genitorem,
369 486 395 524 et
406 476 460 524 rina
468 477 576 537 reponite
588 477 681 526 mensis.

118 547 157 596 Sic
165 547 249 594 deinde
260 543 352 602 effatus,
365 543 487 592 frondenti
498 553 606 604 tempora
617 561 684 592 ramo

85 612 205 675 Implicat,
217 622 242 660 et
251 611 402 672 Geniumque
414 607 468 668 loci,
478 610 627 672 primamque
635 613 742 662 Deorum

84 679 218 737 Tellurem,
230 679 410 739 Nymphasc1ue‚
422 687 447 726 et
458 677 536 725 adhuc
547 677 628 738 ignota
639 688 750 739 precatur

85 744 210 802 Flumina3
229 753 282 792 tum
293 747 403 802 Noctem,
415 744 535 805 nodisque
543 744 642 792 orientia
653 743 726 804 signa,

85 815 231 872 idaeumque
240 813 332 876 Jorem,
346 811 521 872 Phrygiamque
532 826 562 858 ex
571 811 652 860 ordine
661 810 769 858 Matrem

87 882 195 936 Invocat,
205 887 229 928 ct
238 877 342 939 duplices
350 876 470 938 Cocloque
478 879 603 937 Ereboque
611 887 728 938 parentes

86 943 136 996 Hic
146 949 216 995 Pater
226 944 379 1005 omnipotens
388 954 424 992 ter
434 941 499 992 coelo
508 941 583 992 clarus
594 946 623 991 ab
635 941 728 992 alto

87 1013 210 1061 Intonuit:
220 1011 345 1073 radiisque
354 1012 478 1059 ardentem
491 993 548 1058 licis
559 1019 583 1059 et
595 1017 651 1058 altro

89 1080 142 1140 lpse
151 1095 222 1127 manu
233 1079 347 1140 quatiens
351 1076 453 1126 ostendit
461 1079 491 1125 ab
503 1077 599 1126 aethera
607 1079 704 1126 'nubem

122 1146 220 1195 Diditur
228 1143 269 1194 hic
277 1145 355 1194 subito
363 1145 420 1206 Troj
423 1159 471 1194 aaa
479 1161 521 1208 per
532 1145 634 1206 agmina
639 1161 730 1204 rumor,

87 1207 218 1262 Advenisse
227 1213 289 1260 diem
302 1228 350 1274 quo
361 1213 441 1261 debita
452 1212 545 1260 moenia
556 1215 670 1261 condant.
785 1271 786 1276 ¹

88 1279 205 1328 Certatim
216 1279 344 1328 instaurant
353 1278 452 1340 epulas,
455 1289 527 1341 atque
535 1279 615 1328 omine
624 1285 713 1342 magno

88 1343 197 1396 Crateras
208 1343 264 1396 laeti
277 1345 391 1403 statuflun
401 1356 423 1394 et
432 1347 487 1394 rina
497 1357 620 1395 coronant.
635 1374 637 1382 ι

122 1411 216 1460 Postera
224 1413 279 1460 edm
289 1413 366 1470 prima
375 1410 689 1472 tustrauar·1lampadeterras

90 1481 153 1525 Octa
164 1477 226 1532 dies3
245 1477 337 1530 urbem,
345 1485 370 1521 et
381 1475 447 1534 fines,
459 1486 484 1523 et
496 1475 565 1522 litora
576 1480 653 1536 gentis

88 1541 184 1593 Diversr
196 1537 340 1600 explorant·
359 1539 415 1586 hacc
425 1541 498 1588 fontis
510 1539 589 1599 stagna
599 1544 704 1600 Numici,

88 1614 162 1660 Hunc
171 1609 212 1668 Ty
213 1605 275 1654 brim
287 1605 393 1661 fluvium,
406 1603 447 1652 hic
455 1605 627 1660 forteshabita
619 1609 757 1658 eLatinos

88 1679 155 1726 Tum
168 1624 231 1722 satyus
240 1670 347 1722 Anchisa
358 1655 458 1722 deletios
465 1673 547 1720 ordine
555 1675 585 1720 ab
594 1664 661 1722 omni

83 1747 194 1801 ‘Centum
204 1749 309 1788 oratores
316 1736 410 1800 angusta
420 1741 450 1788 ad
459 1741 553 1799 moenia
564 1741 624 1802 regis
637 1769 647 1798 ς.
682 1761 684 1768 ⁴

90 1813 126 1857 ire
135 1809 212 1870 jubet,
226 1805 297 1854 ramis
305 1803 393 1855 relatos
402 1795 504 1857 Palladis
515 1823 615 1856 omnes,
609 1825 615 1838 ·

88 1878 209 1936 Donaque
222 1873 313 1922 serre'
292 1889 350 1931 vrr,o
363 1889 492 1936 pacemque
503 1875 626 1936 exposcere
634 1877 741 1926 Teucris.

90 1944 162 2001 Haud
171 1956 251 1989 mora:
271 1910 381 1988 sestinint
390 1941 452 2004 jussi,
465 1941 598 2004 rapidisque
607 1946 715 1993 seruntur

91 2005 483 2068 Pnssrbus.1psehumilidesrgnat
496 2013 590 2058 moenia
603 2007 670 2066 fossa,
741 2007 744 2014 '

91 2074 240 2134 Moliturque
252 2070 342 2130 locum,
363 2074 513 2152 primasque'
507 2091 533 2122 m
545 2074 614 2122 litore
626 2075 710 2131 sedes,-

91 2140 244 2190 Castrorum
238 2157 263 2188 m
275 2155 375 2197 morem,
388 2140 468 2200 pinnis
479 2150 552 2200 atque
562 2155 644 2200 aggere
655 2141 737 2202 cingit.

91 2211 193 2273 Jamque
205 2207 249 2255 iter
259 2205 355 2264 emcnsr,
368 2215 451 2264 turres,
464 2223 491 2254 ac
501 2208 563 2262 tecla
572 2205 715 2256 Latinorum

90 2276 178 2324 Ardua
186 2276 311 2322 cernebant
320 2273 425 2334 juvenes,
439 2288 554 2332 muroque
566 2273 682 2324 subibant.

91 2345 161 2390 Ante
171 2343 252 2391 urbem
262 2339 337 2400 pueri,
350 2349 373 2388 et
383 2340 503 2400 primaevo
515 2340 570 2386 flore
578 2339 697 2401 juventus,

90 2412 238 2457 Exercentur
248 2406 323 2467 equis,
333 2407 499 2467 domitantque
508 2407 533 2454 in
541 2406 636 2468 pulvere
645 2425 738 2458 currus:

91 2478 146 2523 Aut
159 2489 220 2520 acres
231 2474 334 2521 tendunt
344 2489 419 2532 arcus,
431 2484 472 2522 aut
485 2471 547 2522 lenta
559 2473 653 2524 lacertis

90 2537 186 2602 Spicula
196 2550 362 2600 contorquent,
374 2541 485 2603 cursuque
494 2541 587 2603 ictuque
596 2539 717 2593 lacessunti

92 2609 156 2658 Cum
170 2608 301 2666 prauvettus
312 2623 373 2667 equo
382 2605 487 2668 longaevi
498 2609 556 2669 regis
567 2611 597 2657 ad
608 2625 675 2658 aures

91 2673 208 2724 Nuntius.
219 2672 323 2733 ingentes
330 2673 411 2733 ignota
420 2678 445 2724 in
453 2673 515 2724 vesle
527 2683 632 2735 reportat
654 2694 657 2703 ¹
720 2682 721 2686 ’

93 2735 222 2788 Advcnissc
230 2743 297 2790 ricus.
318 2737 359 2788 llle
370 2741 432 2792 intra
442 2743 502 2792 teila
511 2744 592 2792 voc-m
603 2767 611 2778 ι
