1806 2912
94 33 159 98 ste,
198 41 632 98 spumosarum
682 60 738 109 733.

93 144 213 200 Sternere,
226 157 270 190 nec
278 142 341 204 jetta
352 157 443 190 caenam
453 143 508 188 dare
518 143 613 204 cuspide
624 144 722 196 rumne:
748 145 755 162 '
779 153 783 162 ’

93 208 186 255 Obuius
198 209 338 268 aduersoque
349 207 457 264 occurrit,
469 207 539 267 seque
549 209 601 256 viro
612 211 649 259 vir

5 335 6 338 Ἴ
93 273 217 332 (Ῑοηωίἰῑς
236 273 299 321 haud
310 275 374 319 furto
386 270 477 331 melior,
491 274 529 322 sed
538 276 639 324 fortibus
650 279 730 327 annis.

91 341 158 388 Tum
169 341 235 400 super
243 337 356 399 abjectum
368 336 445 398 posito
456 342 516 398 pede
527 343 597 390 nixus
605 353 630 391 et
639 343 717 401 hailag

4 401 6 412 ¹
93 409 152 455 Pars
163 405 217 454 beili
228 405 289 458 baud
298 405 436 462 temnenda,
448 407 501 462 viri,
510 407 573 468 jacet
581 406 644 458 altus
654 413 754 461 Orodes.

62 489 68 498 ·
92 471 249 520 Conclamat
258 468 311 516 socii
323 467 413 518 laetum
425 474 517 520 Paeana
529 473 609 522 secuti.

5 561 6 568 κ
92 533 221 586 meantem
233 533 367 594 exspirans:
388 539 445 598 Non
455 553 501 596 me,
515 539 650 602 quicunque
660 556 694 600 es,
707 541 798 606 inulto,

90 604 177 658 Vistur,
190 615 232 648 nec
243 598 343 661 longum
352 600 480 652 laetaberet
500 613 524 652 te
535 621 631 668 quoque
640 609 690 655 sata

89 668 241 728 Pmspettant
252 668 328 728 paria,
340 680 413 730 atque
418 673 502 718 eadem
512 687 568 719 mox
579 679 634 722 arva
645 673 743 721 tenebis.

87 736 131 784 Ad
139 748 211 794 quern
220 732 341 782 subridens
351 735 419 784 milla
427 738 561 786 Mezentius
572 739 620 797 ira3

4 835 5 850 2
86 801 157 848 Nunc
164 815 268 848 morere:
282 800 493 850 astdemeDlrum
503 805 778 866 pateratquehomlnum
788 824 834 858 rex

53 901 56 908 .
85 864 184 914 viderit.
205 868 350 917 Hocdicens
360 869 443 918 eduxit
449 887 548 931 corpore
556 869 642 920 telum.

86 930 136 979 Olli
147 934 206 980 dura
217 933 285 995 quies
295 933 385 994 oculos,
397 947 421 984 et
433 939 520 988 ferreus
530 948 598 998 urget

85 1002 202 1058 Somnum
222 999 248 1048 in
257 1010 376 1050 aeternam
384 1001 525 1053 clauduntur
534 1003 624 1054 lumina
633 1007 736 1054 nostem.

86 1067 202 1114 Caedicus
210 1064 359 1117 Alcathoum
366 1071 502 1128 obtruncat,
513 1071 769 1132 Sacrator-Hydaspen,

86 1131 291 1194 Partheniumque
299 1138 378 1194 Rapo,
390 1146 415 1188 et
426 1137 566 1195 praedurum
576 1137 666 1183 viribus
672 1138 762 1186 Orsen:

86 1197 207 1259 Messapus
215 1197 383 1259 Cloniumque,
393 1201 588 1260 Lycaoniumque
597 1202 722 1260 Ericeten;

87 1262 159 1312 Illum
171 1264 282 1311 infraenis
291 1265 345 1324 equi
354 1263 418 1324 lapsu
428 1261 511 1312 tellure
518 1265 648 1326 jacentem,

86 1333 159 1378 Hunc
168 1329 270 1392 peditem
281 1331 364 1390 pedes:
383 1340 407 1378 et
418 1331 505 1390 Lycius
516 1329 654 1391 processerat
664 1332 742 1394 Agis:

87 1397 167 1461 Qum
175 1405 256 1446 tamen
266 1395 330 1444 haud
341 1411 424 1457 expers
432 1395 529 1445 Valerus
536 1397 721 1448 uirtutisavitae

85 1461 192 1525 Dejicit:
207 1462 373 1512 Anthronium
386 1461 473 1522 Salium
485 1462 625 1524 Saliumque
633 1461 741 1524 Nealces,
787 1525 788 1530 ¹

88 1530 189 1591 luignis
197 1529 321 1592 jaculo‚·et
331 1529 399 1592 longe
408 1527 506 1579 saliente
517 1530 610 1590 sagitta.
622 1551 625 1563 ·
813 1531 820 1540 ”

87 1599 142 1660 Jam
154 1596 231 1658 gravis
239 1597 356 1658 aequabat
368 1596 442 1646 tauns
450 1607 474 1646 ot
484 1606 567 1646 mutua
574 1599 672 1646 Mavors

85 1666 192 1712 Funera:
211 1665 340 1712 caedebant
349 1664 445 1724 pariter,
456 1663 592 1726 pariterque
598 1665 697 1712 ruebant

84 1729 191 1779 unctores
198 1729 313 1792 vitiique:
334 1745 411 1792 neque
420 1729 457 1779 his
466 1733 522 1790 suga
532 1740 600 1788 nota,
610 1745 654 1779 nec
662 1729 715 1778 illis.

84 1793 123 1844 Di
131 1796 197 1858 Joris
209 1796 234 1842 in
245 1795 312 1844 tetris
320 1795 379 1842 iram
389 1797 529 1844 miserantur
537 1797 633 1843 inanem

85 1863 234 1917 Amborurn,
246 1871 270 1907 et
279 1869 361 1908 tantos
371 1861 510 1908 mortalibus
521 1859 564 1910 esse
574 1859 675 1910 labores.

82 1927 151 1985 Hinc
158 1929 246 1984 Venus,
258 1925 315 1973 hinc
323 1935 406 1974 contra
414 1927 502 1987 spettat
512 1927 624 1976 Saturnia
633 1930 704 1991 Juno·

87 1991 180 2043 Pallida
186 1990 316 2052 Tisiphone
328 1993 405 2041 media
414 1992 563 2058 interimillia
571 1993 652 2048 saeuit.

59 2075 70 2118 t
120 2065 158 2110 At
170 2075 224 2108 vero
234 2059 354 2121 ingentem
364 2060 475 2122 quatiens
482 2061 617 2109 Mezentius
625 2059 725 2118 hauan,
797 2078 808 2105 r

52 2131 54 2142 ⁴
85 2127 208 2176 Turbidus
219 2126 349 2187 ingreditur
359 2142 458 2187 campo:
477 2141 550 2189 quam
563 2143 662 2187 maguus
672 2127 757 2186 Orion,

87 2195 150 2243 Cdrn
161 2193 231 2254 pedes
242 2193 328 2242 incedit
341 2194 412 2246 medii
422 2210 464 2256 per
472 2193 580 2241 maxima
589 2193 660 2242 Nerei

86 2263 186 2320 Stagna,
198 2259 261 2308 viam
271 2257 387 2319 scindens,
397 2259 495 2308 humero
503 2259 657 2320 supereminet
666 2260 759 2317 undas}

85 2328 141 2374 Aut
152 2325 249 2373 summis
257 2327 359 2376 reserens
370 2327 482 2376 annosam
492 2326 614 2374 montibus
622 2337 718 2383 ornum,

86 2392 266 2452 Ingrediturque
274 2391 333 2450 solo,
344 2401 369 2441 et
379 2403 448 2454 caput
458 2395 521 2442 inter
529 2390 607 2440 nubila
616 2391 713 2439 condit:

85 2453 154 2501 Talis
165 2456 187 2503 se
196 2455 264 2505 vastis
273 2457 346 2506 infert
355 2459 489 2513 Mezentius
499 2459 578 2508 armis.

84 2518 148 2566 Huic
159 2530 243 2569 contra
252 2527 357 2581 Aeneas,
369 2523 500 2586 speculatus
511 2527 536 2574 in
545 2524 639 2584 agmine
650 2523 731 2585 longo,

20 2625 25 2638 ,
84 2582 176 2630 Obvius
187 2585 220 2632 ire
231 2599 307 2645 parat.
327 2593 413 2640 Manet
424 2593 596 2654 imperterritus
606 2589 655 2648 isse.

82 2643 182 2694 fflstem
189 2655 372 2711 unanimum
381 2660 515 2720 opperiens,
525 2669 552 2709 et
563 2655 626 2708 mole
635 2657 676 2710 suu
688 2654 745 2717 stant
