1818 2914
68 55 116 116 178
167 59 422 108 AENEIDOS
454 59 539 106 Lis.
569 57 599 106 V.
650 58 733 121 631.‘

67 153 134 218 Qid
145 155 256 214 prohibet
267 171 346 202 muros
354 154 437 216 jacere,
448 162 472 199 et
483 154 539 198 dare
550 153 639 202 duilius
650 150 748 204 urbemi

66 223 90 268 0
102 221 188 280 patria,
201 229 225 270 et
237 222 298 282 rapti
312 219 467 280 nequicquam
480 233 509 264 ex
521 217 587 266 hoste
595 219 705 268 Penates!

67 284 172 335 Nullane
181 289 231 350 jam
240 287 325 348 Trojae
336 284 444 331 dicentur
454 275 564 331 moenia?
582 284 698 346 nusquam

66 355 195 402 Hectoreos
206 365 294 416 amnes,
308 348 443 406 Xanthum,
456 360 481 398 et
492 351 614 398 Simoenta
626 349 730 401 videbo?

7 441 9 449 u
68 421 135 486 Qiu
147 420 216 482 agite,
229 427 254 465 et
264 431 354 464 mecum
367 415 480 464 infaustas
488 416 578 464 exurite
590 431 690 476 puppes.

59 488 134 536 Nam
145 486 203 534 mihi
213 477 350 532 Calhndrae
362 497 405 544 per
416 483 525 530 somnum
537 483 597 530 vatis
608 483 687 544 imago
713 533 718 542 ,

7 603 11 620 q
44 593 46 600 s
68 555 188 602 Ardentes
199 551 252 597 dare
264 549 312 596 visa
323 551 399 598 iaces:
419 548 467 597 Hic
477 549 581 612 quaerite
589 547 704 609 Trojam:

7 611 51 690 ss
67 616 118 670 ilic
128 619 210 665 domus
221 611 263 674 est,
276 615 365 678 inquit,
377 615 457 664 vohis:
471 615 520 678 jam
533 624 628 675 tempus
639 614 676 676 agi
688 627 739 663 rese

7 705 15 720 ι
23 728 34 765 s
42 687 119 807 (Nec
130 681 204 732 tantis
216 697 283 729 mora
295 683 415 744 prodigiis.
435 685 473 734 En
485 691 588 742 quatuor
599 697 652 729 arae

59 751 190 818 stseptuno.
209 749 278 796 Deus
288 749 334 810 ipse
347 752 409 797 faces
419 750 573 808 anirnum'que
585 746 710 796 ministrat.

66 815 131 866 Haec
142 829 288 874 memorans,
300 815 377 876 prima
388 816 505 864 infensum
515 815 538 861 vi
548 814 644 874 corripit
657 815 744 875 ignem,

67 879 212 942 sublataque
224 881 307 944 procul
317 885 402 932 dextra
413 882 517 930 connixa
528 879 651 937 conuscat,

66 949 101 996 Et
109 947 177 1010 jacit.
196 951 310 998 Arreshac
322 958 423 1008 mentes,
437 947 607 1009 stupesastaque
619 947 692 993 corde

67 1012 179 1064 Iliadum.
199 1014 248 1064 Hic
260 1032 306 1063 una
318 1018 331 1062 ὲ
343 1015 434 1074 multis,
448 1031 508 1076 quae
520 1013 624 1061 maxima
635 1020 704 1070 nanu

68 1083 158 1144 Pyrgo,
172 1091 210 1132 tot
223 1082 312 1130 Priami
324 1091 436 1130 natorum
448 1082 512 1140 regia
522 1080 616 1136 nutrix3

68 1150 127 1196 Non
143 1151 213 1205 Beros
225 1147 300 1204 vobis,
313 1163 361 1195 nou
373 1147 431 1194 haec
441 1147 568 1202 Rhoeteia,
578 1153 675 1203 matres,

69 1214 111 1264 Est
123 1211 222 1275 Dorycli
233 1213 334 1274 conjux:
354 1211 428 1261 divini
440 1211 504 1270 figna
516 1210 614 1267 decoris,

70 1281 235 1342 Ardentesque
248 1287 329 1326 notate
341 1275 420 1324 oculos
425 1295 432 1334 ;
453 1276 494 1336 qui
506 1273 601 1334 spiritus
611 1272 657 1332 illi,

71 1347 120 1414 Qui
131 1344 218 1402 vultus,
230 1343 338 1404 vocisque
349 1343 427 1401 sotius,
439 1339 477 1388 vel
488 1335 572 1400 gressus
583 1338 661 1387 eunti!

70 1413 122 1476 ipsa
133 1419 228 1474 egomet
238 1410 327 1458 dudum
337 1411 424 1457 Bermin
434 1403 530 1468 digressa
542 1403 629 1466 reliqui-

69 1483 186 1540 Aegram,
199 1473 374 1536 indignantem,
385 1473 430 1523 tali
441 1475 506 1534 quod
517 1469 565 1519 sola
576 1478 665 1519 careret

69 1549 180 1602 Munere,
193 1559 236 1592 nec
248 1543 345 1592 meritos
354 1540 473 1590 Anchisae
483 1539 580 1604 inferret
592 1537 702 1584 honores.

70 1610 227 1662 Ilaeceffata.

69 1682 110 1728 At
121 1687 218 1736 matres,
230 1676 309 1738 primo
320 1674 445 1736 ancipites,
457 1668 575 1732 oculisque
584 1666 697 1728 malignis.

71 1746 207 1806 Ambiguae
216 1742 317 1806 spectare
329 1751 399 1798 rates,
412 1739 521 1787 miserum
534 1737 596 1784 inter
607 1747 714 1782 amorem

72 1812 204 1860 Praesentis
214 1817 299 1864 terrae,
312 1807 413 1866 satisque
425 1803 534 1852 vocantia
545 1817 617 1860 regna
635 1843 637 1850 ,

72 1880 136 1926 Ciam
149 1879 201 1924 Dea
211 1873 233 1921 se
244 1873 339 1934 pan'bus
350 1887 392 1932 per
403 1867 493 1918 coelum
506 1866 597 1916 sustulit
609 1863 662 1924 alis,

72 1946 243 2004 lugentemque
255 1942 310 1998 suga
321 1937 391 1985 secuit
404 1936 445 1982 sub
455 1934 556 1981 nubibus
565 1945 654 1980 arcum.

71 2013 138 2059 Tum
151 2025 204 2058 vero
216 2005 333 2054 attonitae
345 2001 463 2058 monstris,
477 2001 587 2060 asiaeque
600 2001 686 2056 surore,

73 2071 242 2132 Conclamant,
254 2071 399 2132 rapiuntque
409 2068 468 2116 focis
479 2065 636 2128 penetralibus
646 2063 741 2124 ignem:

72 2146 131 2192 Pars
142 2141 243 2202 spoliant
256 2155 315 2196 aras,
328 2139 447 2193 frondem,
460 2149 486 2182 ac
498 2131 607 2194 virgulta,
619 2129 728 2190 facesque

73 2209 226 2270 conjiciuntt
247 2206 303 2254 sur-it
316 2201 422 2252 immiffis
433 2199 551 2248 Vulcanus
562 2197 658 2246 habenis

38 2293 41 2298 ·
71 2273 186 2322 Translra
198 2281 273 2333 peret
287 2287 372 2328 remos,
385 2278 408 2316 ct
420 2267 494 2328 pistas
506 2265 581 2313 abiete
593 2277 691 2324 puppes.

72 2339 179 2386 Nuncius
192 2337 311 2384 Anchisae
322 2338 353 2384 ad
364 2331 492 2390 tumulum,
506 2330 634 2390 cuneosque
643 2326 742 2388 theatri,

71 2403 178 2448 lncensas
189 2405 277 2460 perfert
287 2417 358 2450 naues
369 2398 500 2448 Eumulus:
519 2407 544 2446 et
556 2393 596 2458 lpl'r

69 2465 207 2523 Respiciunt
219 2475 295 2514 atram
309 2467 333 2514 in
346 2467 429 2514 nimbo
441 2463 538 2513 volitare
550 2459 664 2510 favillam.

71 2528 165 2574 Primus
177 2539 199 2575 et
210 2520 336 2594 Arcentis,
349 2532 427 2580 cuniis
435 2541 463 2579 ut
472 2529 547 2578 laetus
557 2527 673 2590 equeslres

68 2591 189 2649 Ducebat,
203 2592 232 2640 fic
244 2613 296 2644 acer
307 2613 369 2658 equo
380 2601 477 2646 turbato
486 2597 573 2656 petivit

70 2652 163 2702 Castra:
186 2672 230 2705 nec
241 2663 363 2712 exanimes
373 2659 468 2724 possunt
477 2663 578 2712 retinere
591 2657 703 2723 magistri.

6 2781 90 2858 ἰχ
