1806 2912
26 51 28 58 ’
95 57 145 106 254
195 49 447 100 ARNEiDOS
480 53 645 104 L1,B.1X.
694 65 749 114 240.

92 140 206 200 Erigitur.
225 143 250 190 Si
262 146 358 192 forrum
367 142 505 204 permittitis
514 143 563 203 uti3

92 203 231 271 Qaefitum
243 212 341 256 Aenean
353 210 383 256 ad
394 208 486 255 moenia
499 207 631 269 Pallantea,

91 273 154 328 Mox
165 271 206 324 hie
216 290 268 322 eum
282 272 367 334 spoliis,
380 275 471 333 ingenti
482 278 552 325 caede
563 275 666 338 perusti,

91 337 175 390 Affore
185 340 296 389 cernetis:
313 354 355 386 nec
366 355 410 386 uos
421 341 459 388 via
470 339 534 390 fallit
542 353 635 392 euntes:

90 405 198 456 Vidimus
208 404 306 453 obscuris
316 405 419 466 primam
428 407 470 456 sub
482 406 580 456 vallibus
588 410 670 456 urbem

90 474 182 524 Venatu
193 469 287 530 affiduo,
299 481 324 522 et
335 481 416 522 totum
425 475 576 536 cognorimus
584 489 688 523 amnem.

122 539 170 588 Hic
180 535 246 586 anuis
255 538 340 598 gravis,
352 549 425 600 atque
434 541 506 587 animi
516 549 621 588 maturus
629 539 745 590 Alethesz

87 603 124 654 Di
136 604 213 665 patrii,
225 619 328 664 quonam
341 605 431 667 semper
441 607 480 653 sub
491 607 586 654 numine
595 607 668 670 Troja
679 605 722 666 est,

87 675 144 720 Non
154 679 235 720 tamen
244 671 345 724 omnino
353 675 457 721 Teucros
467 670 542 722 delere
553 671 650 736 paratis,

86 739 148 786 Cum
161 735 219 786 tales
230 737 324 787 animos
333 738 455 801 juvenum,
467 749 491 788 et
501 749 553 788 tam
566 750 629 788 certa
639 738 724 790 tulistis
766 791 768 798 ,

86 803 192 852 Pestora.
214 804 253 854 Sic
265 820 408 864 memorans,
421 806 530 860 humeros
541 808 680 870 dextrasque
689 808 786 857 tenebat

86 872 235 930 amborum,
246 880 272 921 et
282 869 375 922 vultum
384 871 492 935 lacrymis
503 883 575 936 atque
584 891 625 922 ora
635 873 725 935 rigabat
733 871 746 922 :¹

86 937 155 1004 Qae
166 937 242 996 robis,
256 954 317 1001 quae
327 940 406 1001 digna,
415 940 469 999 riri,
480 957 523 1001 pro
531 939 618 988 talibus
626 939 695 998 aufis,

86 1004 196 1058 Praemia
206 1002 270 1066 poiie
283 1022 332 1054 rear
343 1004 414 1054 solvi?
432 1006 588 1067 pulcherrima
599 1007 703 1068 primum

85 1070 124 1120 Di
136 1073 257 1133 moresque
268 1073 359 1121 dabunt
370 1071 450 1120 vestri:
469 1083 520 1121 tum
534 1083 623 1122 caetera
634 1073 716 1122 reddet

86 1139 207 1187 Asturum
218 1138 270 1200 pius
277 1142 380 1194 Aeneas,
392 1148 465 1198 atque
474 1139 566 1198 integer
573 1140 622 1186 aevi

86 1204 212 1262 ascanius,
225 1203 304 1251 meriti
314 1203 374 1251 tanti
384 1217 431 1254 non
444 1203 570 1250 immemor
578 1219 694 1264 unquam.

120 1273 171 1318 imo
182 1285 224 1329 ego
235 1285 285 1326 ros,
297 1269 334 1316 cui
345 1266 392 1315 sola
402 1265 462 1317 salus
474 1268 579 1328 genitore
589 1271 694 1328 reducto,
738 1273 743 1284 '

85 1335 182 1396 Excipit
193 1333 319 1393 Ascanius,
331 1350 371 1394 per
380 1349 486 1394 magnos,
499 1333 563 1390 Nise,
576 1335 685 1392 Penates,

84 1399 237 1463 Aiiaracique
247 1403 345 1460 Larem,
356 1409 381 1449 et
392 1415 463 1448 canae
475 1397 602 1462 penetralia
610 1399 701 1458 Vestae,

12 1479 16 1492 '
84 1466 205 1528 Obtestor,
219 1469 383 1532 (quaecuuque
395 1466 453 1514 mihi
460 1469 559 1515 fortuna
567 1465 667 1527 fidesque
678 1465 720 1525 est,

84 1539 114 1586 in
125 1534 206 1585 restris
216 1550 280 1597 pono
289 1534 405 1598 gremia)
417 1543 523 1582 revocate
535 1541 672 1595 parentem:

84 1604 189 1654 Reddite
199 1602 362 1664 conspeuumr
382 1599 442 1650 nihil
453 1598 494 1650 illo
505 1599 569 1650 triste
581 1609 682 1660 recepto.

84 1671 146 1720 Bina
156 1673 218 1720 dabo
229 1679 326 1729 argento
335 1669 436 1730 perfetio
445 1678 517 1728 atque
525 1666 603 1728 aspera
614 1663 682 1728 ignis

84 1735 183 1795 Pocula,
200 1736 290 1784 devicta
298 1735 391 1794 genitor
399 1750 460 1796 quae
469 1733 530 1794 cepit
539 1731 640 1782 Arisba:

83 1807 118 1854 Et
129 1803 235 1864 tripodas
246 1801 360 1861 geminos,
372 1801 422 1848 auri
430 1802 478 1861 duo
487 1815 573 1860 magna
584 1797 684 1859 talenta,

69 1863 182 1920 'Cratera
193 1867 328 1928 antiquum,
341 1881 411 1926 quem
423 1867 465 1914 dat
472 1865 573 1913 sidonia
585 1865 663 1914 nido.

83 1937 109 1988 Si
120 1951 175 1986 vero
186 1948 267 1995 cepere
276 1927 380 1989 ltaliam,¹
391 1929 533 1992 soeptrisque
544 1931 617 1992 potiri

85 2001 220 2064 contigerit
231 1998 322 2057 viliori,
334 2008 358 2047 et
368 1999 468 2060 praedae
479 1999 563 2046 ducere
573 1997 672 2048 sorteme

83 2069 167 2122 Vidisti
178 2084 227 2132 qus
234 2068 331 2118 Turnus
341 2081 415 2127 equo,
427 2065 512 2125 quibus
524 2063 574 2112 ibat
585 2063 610 2110 in
622 2063 694 2112 armis

84 2135 194 2189 Aureus?
212 2133 288 2196 ipsum
299 2131 365 2182 iilum
376 2130 485 2192 elypeum
497 2129 619 2191 cristasque
628 2132 739 2181 rubentes

84 2201 210 2263 Excipiam
223 2201 288 2256 sorti,
297 2199 349 2260 jam
360 2213 423 2246 nune
432 2207 474 2246 tua
483 2196 599 2257 praemia,
609 2195 672 2244 Nise.

85 2273 208 2318 Praeterea
220 2266 255 2313 bis
268 2266 306 2312 sex
318 2265 412 2326 genitor
423 2261 542 2312 lediiffima
553 2272 656 2310 matrum

83 2337 198 2393 Corpora,
210 2330 361 2392 captivosque
372 2331 447 2388 dabit,
459 2328 662 2391 suaqueomnibus
673 2343 756 2380 armat
768 2319 775 2340 ¹

83 2395 233 2458 lampertus,
245 2397 323 2460 campi
335 2399 401 2458 quod
411 2412 452 2446 rex
461 2393 533 2444 habet
545 2393 591 2454 ipse
599 2393 709 2445 Latinus.

82 2466 120 2510 Te
131 2478 194 2516 rem,
207 2476 259 2508 mea
265 2477 339 2521 quem
349 2462 429 2522 spatiis
438 2459 585 2524 propioribus
596 2469 662 2507 aetas

83 2527 224 2586 insequitur,
236 2525 366 2574 venerande
375 2544 441 2586 puer,
451 2529 501 2590 jam
515 2528 606 2588 pectore
617 2534 671 2576 toto

81 2590 191 2648 Accipio,
203 2600 228 2636 et
239 2592 351 2638 comitem
365 2594 428 2640 casus
439 2591 583 2653 completior
592 2592 616 2639 in
629 2607 721 2643 omnes.
802 2641 811 2648 ,

81 2651 153 2700 *Iulia
164 2653 222 2701 meis
234 2652 281 2704 fine
293 2666 318 2704 te
329 2669 455 2718 quaeretur
464 2657 541 2720 ‘gloria
550 2659 632 2712 rebus:
665 2715 669 2724 ¹
