1806 2912
110 33 114 38 ·
153 11 602 74 nonsummum
647 1 706 77 59⁰1.
759 3 821 93 ²⁶⁸3}

67 119 175 178 Dicitur,
186 127 241 168 ante
253 119 314 164 feras
325 113 406 167 solitus
415 123 502 162 terrere
515 115 617 174 fugaces,

69 187 196 243 Ascanius,
208 187 341 243 fortemque
353 195 425 228 manu
436 177 518 228 fudifle
529 183 678 237 Numanum,

69 253 115 302 Cui
125 247 228 300 Remulo
239 263 371 310 cognomen
383 257 443 305 erat;
457 247 582 306 Turnique
594 245 712 294 minorem

71 323 227 375 Germanam,
240 331 315 378 nuper
326 311 434 362 thalamo
445 313 552 370 sociatus,
564 312 675 362 habebat.

70 389 95 434 ls
106 385 207 445 primam
220 391 275 431 ante
284 381 358 428 aciem
370 380 441 440 digna
450 389 521 440 atque
533 379 630 440 indigna
642 376 719 428 relatu

70 451 216 506 vociferans,
229 447 380 508 tumidusque
389 461 451 494 novo
463 445 597 506 praecordia
605 461 679 506 reguo

72 519 136 574 Ibat,
149 526 173 565 et
184 515 274 577 ingenti
286 513 331 561 sese
342 511 445 561 clamore
454 514 556 560 ferebat:

70 585 129 631 Non
141 584 213 642 pudet
223 579 344 629 obsidione
353 579 439 628 iterum
453 577 561 639 valloque
569 577 653 635 teneri,

72 651 112 697 Bis
122 649 187 709 capti
196 647 310 708 Phryges,
322 656 345 694 et
359 645 430 694 morti
442 646 593 706 praetendere
605 641 700 694 murosi

69 717 121 773 En,
134 715 177 775 qui
186 711 263 760 nostra
273 711 314 760 srbi
325 709 387 760 bello
396 712 516 760 connubia
523 711 635 772 poscunt!

70 782 135 845 Quis
146 783 212 828 Deus
226 777 327 838 ltaliam,
340 795 399 840 quae
410 793 452 826 vos
464 775 583 826 dementia
595 774 688 838 adegit?
722 823 729 836 q

67 851 130 896 Non
142 844 185 894 hic
193 846 304 904 Atridae,
316 861 358 893 nec
370 844 436 893 fandi
445 843 511 892 sistor
521 842 625 905 Ulylles:

68 918 166 964 Durum
179 912 194 960 ai
205 911 274 974 stirpe
286 928 372 973 genus3
391 921 461 960 natos
470 913 500 958 ad
509 910 606 958 flumina
616 909 718 971 primum

67 979 218 1037 nantinus,
230 979 344 1038 saevoque
355 975 407 1038 gelu
416 979 527 1025 duramus
535 987 560 1025 et
571 977 648 1025 undis.

67 1049 166 1094 Venatu
177 1043 303 1106 invigilant
314 1044 388 1105 pueri.
398 1042 517 1106 sylvasque
527 1044 644 1104 fatigant:

68 1110 175 1161 Flestere
186 1109 253 1160 ludus
264 1119 382 1174 equos,·et
394 1108 481 1173 spicula
491 1113 586 1160 tendere
597 1124 678 1159 cornu.

68 1184 112 1228 At
121 1178 214 1239 patiens
225 1194 332 1240 operum,
345 1193 464 1240 parvoque
476 1175 562 1227 assueta
570 1175 692 1240 juventus,
739 1231 742 1234 ,

68 1249 126 1294 Aut
138 1243 214 1293 rastris
222 1246 309 1294 terram
319 1247 411 1304 domat,
424 1255 465 1294 aut
477 1245 556 1308 quatit
566 1245 654 1306 oppida
664 1240 734 1293 bello.

68 1317 151 1360 Omne
162 1327 245 1360 aevum
255 1315 316 1360 serto
328 1313 421 1370 teritur,
433 1313 543 1374 versaque
549 1309 678 1374 juvencllm

66 1380 150 1438 Terga
161 1379 288 1436 fatigamus
298 1376 378 1424 hasta:
397 1393 440 1424 nec
447 1375 520 1426 tarda
531 1379 633 1426 senetlus

65 1442 192 1493 Debilitat
204 1442 263 1488 vires
275 1442 358 1497 animi,
370 1449 496 1502 mutatque
507 1442 620 1502 vigorem.

66 1508 193 1559 Canitiem
205 1505 272 1567 galea
280 1506 421 1566 premimus3
441 1507 577 1567 semperque
589 1515 692 1557 recentes

65 1576 216 1624 Convetlare
225 1573 292 1634 juvat
305 1573 411 1632 praedas,
425 1579 449 1620 et
460 1573 537 1619 uivere
548 1579 624 1633 rapto.

65 1641 144 1690 Vobis
155 1640 218 1701 pitia
229 1653 298 1686 croco
310 1647 333 1687 et
346 1635 447 1699 fulgenti
457 1638 546 1686 murice
553 1637 632 1698 vellis3

65 1705 179 1756 Desidiae
190 1705 268 1764 cordi;
285 1704 354 1766 juvat
362 1701 483 1766 indulgere
492 1704 595 1753 choreis:

66 1777 105 1822 Et
115 1773 209 1821 tunicae
218 1771 331 1831 manicas,
343 1782 368 1821 et
379 1772 470 1820 habeut
478 1769 613 1822 redimicula
623 1773 716 1822 mitrae.

67 1843 91 1888 0
105 1853 157 1887 vere
168 1839 291 1901 Phrygiae,
304 1855 380 1900 neque
392 1840 455 1887 enim
467 1839 585 1902 Phryges!
605 1840 638 1889 ite
650 1857 692 1902 per
702 1838 750 1890 alta

66 1905 207 1966 Dindyma;
227 1906 267 1954 ubi
279 1903 371 1956 assuetis
381 1907 481 1956 biforem
491 1909 533 1957 dat
542 1905 601 1956 tibia
613 1918 719 1956 cantum.
811 1967 814 1972 Ι

67 1974 201 2032 Tympana
212 1987 255 2018 vos
262 1973 383 2033 buxusque
392 1984 461 2022 vocat
471 1974 625 2035 Berecynthia
636 1975 720 2023 matris

69 2040 163 2086 idaeae.
183 2037 258 2085 Sinite
270 2053 335 2086 arma
347 2039 411 2096 viris,
419 2049 443 2086 et
454 2041 528 2088 cedite
538 2043 610 2088 ferro.

17 2121 19 2130 ’
68 2101 143 2152 Talia
152 2103 281 2166 jactantem
294 2103 370 2162 dietis,
383 2119 410 2152 ac
421 2107 471 2152 dira
483 2115 608 2153 canentem

70 2173 130 2218 Non
143 2167 199 2217 tulit
208 2167 337 2227 Ascanium
357 2185 475 2232 nervoque
486 2169 595 2218 obversus
606 2171 693 2232 equino

69 2236 180 2284 Intendit
189 2234 273 2294 telum,
286 2235 421 2296 diversaque
434 2235 528 2285 brachia
540 2238 627 2286 ducens
644 2273 647 2279 .

68 2299 194 2359 Conllitit,
207 2313 262 2350 ante
271 2305 355 2366 Jovem
365 2301 461 2362 supplex
474 2319 516 2362 per
523 2311 579 2351 uota
589 2313 708 2364 precatus:

69 2367 164 2430 Jupiter
174 2369 335 2428 omnipotens,
347 2369 473 2416 audacibus
483 2381 561 2417 annue
572 2370 670 2432 coeptis.

70 2431 122 2492 lpse
134 2433 179 2481 tibi
190 2436 223 2482 ad
231 2443 273 2482 tua
283 2433 374 2495 templa
383 2437 456 2482 feram
467 2433 569 2484 solennia
581 2438 653 2496 dona,

72 2499 107 2548 Et
120 2498 218 2552 {fatuam
229 2503 284 2549 ante
293 2518 344 2549 aras
353 2509 434 2550 aurata
446 2504 524 2553 fronte
533 2503 660 2565 juvencum

71 2567 232 2623 Candentem,
245 2567 377 2628 pariterque
390 2578 460 2628 caput
470 2585 521 2616 rum
535 2579 611 2617 matre
620 2571 748 2630 ferentem
805 2595 807 2599 v

71 2635 129 2695 Jam
140 2647 213 2680 cornu
224 2641 299 2694 petat,
312 2643 336 2684 et
347 2637 446 2696 pedibus
457 2636 498 2698 qui
510 2635 603 2698 spargat
612 2651 720 2708 arenam.¹
793 2693 797 2704 ¹
