1804 2904
91 67 123 126 ³⁶
229 35 573 115 pronomen
625 81 704 128 340„

90 167 219 212 Extremae
231 163 271 210 sub
284 162 363 210 cnfirm
374 162 467 220 hiemis,
477 161 526 222 jam
540 178 592 210 vere
605 162 691 211 sereno.

87 233 158 279 Tunc
170 232 225 290 agni
237 231 343 290 pingues,
355 240 379 276 et
391 239 448 276 tunc
460 227 585 276 molissima
597 231 665 276 rina:

85 299 157 346 Tunc
169 298 245 346 somni
257 295 343 354 dulces,
356 295 485 356 densaeque
497 296 521 343 in
534 297 655 343 montibus
666 298 771 344 umbrae.

87 367 179 414 Cuntta
191 365 235 413 tibi
247 367 353 410 Cererem
367 365 440 422 pubes
451 361 545 422 agrestis
556 365 645 412 adoret.

86 431 327 486 ocriculanorum,
340 439 363 477 et
377 429 504 478 initidilue
517 430 620 478 Boccho:

84 501 181 562 Terque
192 513 263 545 novas
275 497 361 543 circum
374 496 432 544 felix
444 507 483 546 eat
495 497 569 546 hostia
581 499 670 558 fruges:

85 569 171 615 Omnis
181 580 254 626 quam
264 563 360 623 chorus,
373 575 398 613 et
410 565 464 612 socii
475 565 619 613 comitentur
629 576 738 622 ovantes;

12 655 14 676 r
83 638 117 682 Et
130 637 237 682 Cererem
248 629 351 679 clamore
362 643 447 680 vocent
460 633 484 680 in
496 634 571 679 tesia:
591 649 668 694 neque
679 643 735 682 ante

83 699 176 749 Falcem
187 699 285 746 maturis
297 699 550 760 quisquamiirpponat
562 699 645 758 aristis,

84 769 163 831 Qum
174 766 262 823 Cereri,
274 775 340 814 torta
351 768 474 814 redimitus
486 775 594 826 tempora
604 783 699 826 quercu,

81 837 132 883 Det
145 842 224 880 motus
236 832 413 894 incompositos,
426 842 449 879 et
461 833 565 880 earmina
577 834 648 880 dicat.

114 904 200 961 Atque
212 899 271 948 haec
281 909 307 948 ut
321 900 390 948 certis
401 898 512 960 possimus
523 897 607 946 discere
618 897 696 958 fignis,
749 950 751 953 ,

80 965 221 1028 Aestusque,
235 966 380 1028 pluviasque,
393 977 415 1016 et
428 977 523 1028 agentes
535 967 620 1026 frigora
629 975 720 1022 ventos,

79 1035 131 1095 lpse
140 1038 212 1084 Pater
223 1034 313 1092 statuit,
327 1036 385 1096 quid
397 1033 514 1081 menstrua
526 1037 596 1080 Luna
608 1044 728 1088 monerem

80 1103 137 1167 Qu
149 1101 213 1163 signo
225 1105 335 1150 caderent
346 1099 428 1153 austri3
448 1099 506 1157 quid
517 1099 698 1157 saepc·videnres

80 1169 217 1229 Agricolae,
230 1169 325 1230 propius
337 1163 432 1212 stabulis
442 1173 551 1212 armenta
561 1174 678 1212 tenerent.

80 1237 204 1284 Continuo
215 1235 291 1280 ventis
302 1231 457 1292 surgentibus,
469 1241 511 1279 aut
523 1233 583 1280 freta
595 1233 664 1292 ponti

80 1303 201 1362 Incipiunt
214 1301 302 1360 agitata
314 1300 449 1357 tumescere,
462 1309 486 1345 et
498 1299 575 1346 aridus
587 1298 641 1346 altis

77 1370 205 1418 Montibus
216 1367 290 1414 audiri
302 1368 392 1426 tragon
412 1375 455 1414 aut
465 1365 598 1413 resonantia
610 1364 679 1426 longe

32 1465 34 1470 ·
77 1435 164 1485 Litora
176 1433 274 1492 misceri,
287 1443 310 1482 et
323 1431 446 1480 nemorum
459 1434 623 1481 increbrescere
636 1449 748 1480 murmur.

78 1507 134 1566 Jam
146 1500 187 1549 sibi
198 1510 252 1548 tum
264 1503 340 1549 curvis
350 1499 411 1547 male
422 1511 540 1561 temperat
551 1503 615 1549 unda
626 1502 720 1560 carinis,

76 1574 141 1619 Cum
154 1569 232 1616 medio
244 1567 328 1617 celeres
339 1567 446 1618 revolant
457 1584 488 1615 ex
499 1585 600 1630 aequore
609 1570 692 1630 mergi,

77 1636 262 1698 clamoremque
275 1639 353 1686 senine
366 1638 397 1684 ad
408 1634 493 1684 litora:
513 1652 614 1697 eumque
626 1638 742 1687 marinae-

77 1703 107 1752 ln
117 1703 176 1753 sicco
188 1704 274 1753 ludunt
286 1705 382 1761 fulicae3
403 1705 516 1762 notasque
527 1702 624 1761 paludes

75 1771 180 1830 Deserit,
193 1781 265 1831 atque
276 1770 350 1817 ultani
363 1770 430 1826 supra
442 1766 506 1812 volat
517 1768 586 1810 ardea
598 1767 693 1811 nubem.

77 1843 151 1898 Saepe
163 1839 236 1884 etiam
248 1834 332 1884 stellas,
344 1840 416 1877 vento
428 1830 588 1886 impendente,
603 1830 690 1877 videbis

76 1903 219 1963 Praecipites
230 1898 294 1946 coelo
307 1896 363 1951 labi,
376 1893 495 1952 noctisque
508 1908 549 1952 per
560 1896 669 1943 umbram

75 1969 238 2018 Flammarum
248 1963 331 2021 longos
343 1962 357 2010 ai
368 1971 433 2020 tergo
445 1957 557 2007 albescere
569 1963 670 2010 trattus:

76 2041 149 2098 Saepe
161 2033 236 2082 levem
247 2027 350 2092 paleam,
362 2037 386 2075 et
398 2029 493 2074 frondes
505 2026 603 2076 volitare
614 2031 724 2092 caducas;

75 2109 130 2153 Aut
141 2103 232 2150 summa
242 2106 325 2146 nantes
336 2096 361 2142 in
373 2111 435 2156 aqua
447 2092 562 2142 colludere
573 2095 674 2157 plumas.

75 2178 113 2221 At
125 2173 209 2216 Boreae
219 2168 247 2214 de
258 2172 325 2224 parte
334 2163 406 2211 trucis
415 2164 471 2210 clun
482 2161 604 2220 fulminat,
616 2174 640 2211 et
652 2167 707 2212 cum

73 2237 179 2297 Eurique
192 2231 339 2293 Zephyrique
350 2241 422 2280 tonat
432 2233 529 2289 domus;
548 2229 628 2278 omnia
640 2229 715 2291 plenis

75 2309 143 2354 Rura
154 2310 239 2350 natant
251 2297 323 2356 sollis,
335 2309 407 2360 atque
418 2298 497 2346 omnis
509 2298 588 2344 navita
599 2308 675 2357 ponto

74 2369 183 2422 Humida
191 2364 242 2415 vela
254 2364 318 2426 legit.
339 2369 470 2428 Nunquam
481 2365 669 2424 imprudentibus
680 2366 756 2415 imber

77 2436 178 2486 obfuit:
198 2443 239 2483 aut
251 2433 319 2482 illum
328 2434 460 2494 surgentem
473 2430 572 2480 uallibus
583 2432 637 2481 imis

76 2503 165 2554 aeriae
176 2501 255 2564 sugere
267 2518 345 2563 grues:
365 2513 407 2550 aut
419 2497 502 2548 bucula
514 2497 605 2547 eoelrun

19 2602 21 2606 .
77 2570 216 2632 Suspicieus,
228 2568 316 2632 patulis
327 2571 432 2630 captarit
445 2568 539 2615 naribus
550 2583 630 2616 auras:

76 2640 131 2686 Aut
143 2649 225 2700 arguta
237 2638 299 2687 lacus
311 2635 509 2687 circumvolitavit
518 2634 631 2692 hirund03

76 2705 112 2750 Et
123 2715 224 2756 veterem
234 2710 259 2756 in
269 2706 327 2756 litua
339 2723 408 2756 ranae
415 2703 521 2754 cecinere
531 2700 658 2764 querelam·
708 2729 710 2736 ν
