1806 2912
78 167 130 240 ως
178 163 435 222 Aruernos
467 169 552 220 nin.
583 151 641 218 xn‘.
691 169 751 229 340,

77 275 133 325 Nec
145 289 203 336 gens
212 269 261 322 ulla
272 281 326 322 tuor
336 284 410 330 aeque
418 266 546 316 celebrabit
556 265 666 318 honores.
740 302 744 312 .

83 341 229 392 Annuit-his
239 343 310 403 Juno,
321 346 347 386 et
357 344 463 386 mentem
475 332 564 394 laetata
575 333 678 384 retorsit.

84 413 178 460 lnt‘erea
188 406 280 458 cicedit
289 400 364 461 coelo,
376 403 511 463 nubemque
523 399 626 462 reliquit.

117 477 163 526 His
172 475 239 533 attis,
249 471 311 520 aliud
322 469 415 532 genitor
422 467 499 518 secum
512 467 559 528 ipse
571 466 678 517 volutatr

83 539 257 608 Jutumamlrue
264 546 340 604 parat
348 536 429 585 fratris
440 535 561 584 dimittere
571 537 601 582 ab
612 537 696 586 armir,

83 613 204 661 Dicuntur
215 607 321 668 geminae
330 602 412 666 poster,
423 602 563 664 cognomine
572 601 660 660 Dirae3

85 679 161 742 Qas,
172 685 197 725 et
206 667 556 730 tanmmnrootnrempelb
563 671 712 731 Megaeram,

83 749 142 794 Uno
152 745 281 802 eodemque
292 737 349 788 tulit
359 747 444 804 partu:
463 735 605 798 paribusque
614 737 716 786 revinxit
756 749 765 756 ‘

84 809 226 874 Serpentum
236 804 477 870 spiris‚.rentosasque
487 801 581 851 addidit
592 799 650 852 alas.

82 879 137 930 liae
145 877 210 942 Jo'ris
220 871 355 931 molium,
368 871 476 934 saevique
487 871 512 935 in
523 869 609 926 limine
617 869 677 932 regis

82 950 222 1008 Apparent,
234 949 369 1004 acuuntque
379 949 471 988 metum
483 935 624 986 mortalibus
634 937 717 999 aegris,

82 1014 109 1072 Si
119 1013 216 1074 quando
228 1008 321 1058 lethum
332 1004 470 1056 horrificum
479 994 620 1066 morbosq'ue
626 1001 708 1054 Derim
717 1019 759 1054 rex

83 1080 196 1139 Molitur,
208 1074 306 1126 meritas
316 1085 358 1124 aut
368 1071 431 1122 bello
438 1073 534 1122 territat
544 1071 622 1141 urb'es.

82 1153 176 1200 Harum
188 1161 260 1194 unam
273 1141 370 1192 celerem
381 1139 474 1190 demisit
485 1142 515 1188 ab
525 1138 618 1195 aetlttre
626 1138 722 1188 summo·

84 1215 187 1284 Jupiter,
199 1214 271 1279 inque
280 1224 351 1258 omen
361 1210 476 1272 Juturnae
486 1203 685 1266 occurrercjuffit.

84 1282 130 1401 gia
140 1279 214 1339 volat,
226 1276 341 1338 celerique
351 1275 381 1322 ad
392 1283 479 1321 terram
491 1271 584 1320 turbine
596 1263 688 1317 sertu'tr

111 1366 144 1398 on
156 1349 226 1404 secus,
238 1361 265 1394 ac
274 1356 346 1406 nervo
356 1357 398 1402 per
408 1342 497 1388 nubem
507 1334 714 1398 impulsa‘sagittag

85 1422 218 1468 Armatam
230 1410 290 1460 sacri
302 1407 404 1458 Parthus
415 1422 488 1468 quarn
501 1403 555 1454 selle
566 1403 659 1461 veneni,

88 1483 192 1534 Parthus
203 1479 249 1530 five
258 1479 353 1540 Cydon,
364 1473 439 1524 telum
449 1469 621 1520 immedicabile
632 1467 715 1528 torsrr'r

81 1552 203 1612 Stridens,
214 1557 238 1596 et
251 1543 334 1595 celerer
345 1541 467 1602 incognita
476 1535 580 1588 transilit¹
589 1540 693 1586 umbras.
706 1553 711 1564 ⁴

86 1617 156 1670 Talis
167 1617 189 1666 se
197 1615 248 1666 sata
255 1613 332 1662 Nocte
341 1609 407 1668 tulit,
418 1607 538 1669 terrasque
548 1603 642 1668 petivit.

88 1685 219 1748 Postquam
230 1681 290 1730 acies
300 1678 364 1726 videt
377 1675 468 1734 Iliacar,
481 1684 553 1736 atque
564 1672 659 1733 agmina
667 1667 759 1728 Turni:

87 1753 165 1804 Alitis
175 1752 201 1800 in
212 1763 297 1811 parrae
307 1745 385 1798 subito
396 1739 492 1792 collecta
503 1740 611 1802 figuram,

88 1815 156 1888 Q’ae
167 1817 289 1880 quondam
299 1813 324 1861 in
335 1809 407 1860 bullis
416 1819 459 1858 aut
470 1806 613 1858 culminibus
623 1804 718 1854 desertis

86 1889 165 1940 Noste
175 1885 264 1940 sedens,
277 1881 354 1936 serum
363 1877 428 1926 canit
439 1877 578 1938 importuna
589 1889 631 1933 per
641 1873 749 1928 umbras;

87 1959 158 2007 Hanc
168 1949 231 2000 versa
242 1949 268 1994 in
279 1946 373 2002 saciem,
383 1942 461 1991 Turni
472 1941 495 1989 se
506 1937 575 2002 pellis
585 1941 616 1987 ob
625 1953 668 1986 ora

88 2027 191 2083 Fertque
202 2017 319 2075 refertque
329 2000 425 2068 sonans,
436 2006 594 2070 clypeumque
603 2008 723 2058 everberat
732 1999 784 2059 alis.

89 2088 129 2140 llli
140 2085 246 2140 membra
256 2096 332 2130 novus
342 2075 412 2128 solvit
421 2075 548 2124 formidine
558 2084 653 2134 torpor,

89 2157 251 2214 Arrettaeque
260 2149 357 2197 horrore
367 2160 459 2202 comae,
470 2153 496 2192 et
507 2157 554 2190 vox
563 2142 668 2190 saucibus
680 2135 761 2186 hacfit.

90 2228 139 2281 At,
152 2215 234 2282 procul
243 2215 352 2266 utDirae
360 2211 481 2268 stridorem
493 2208 590 2270 agnovit
601 2217 625 2256 et
638 2205 696 2265 alas,

89 2287 180 2338 infelix
191 2285 265 2336 crines
275 2283 361 2332 scindit
369 2281 472 2344 Juturna
482 2275 579 2335 sohrtos,

89 2355 217 2415 Unguibus
227 2367 270 2402 ora
280 2349 344 2398 sprot
353 2349 461 2406 foedans,
473 2355 497 2394 et
507 2345 600 2405 pettora
611 2338 711 2403 pugnisr

90 2421 156 2484 Qid
168 2435 232 2468 nune
241 2428 267 2468 te
277 2425 328 2476 tua,
337 2417 429 2474 Turne,
441 2410 518 2476 potest
529 2425 640 2472 germana
648 2402 746 2470 juvare?
813 2445 815 2450 .

87 2487 143 2533 Aut
155 2485 214 2546 quid
222 2485 272 2546 jam
286 2483 382 2534 miserae
392 2482 487 2544 superat
496 2475 572 2528 mihi?
590 2491 638 2538 qua
649 2473 695 2524 tibi
704 2473 782 2522 'lucem

89 2553 153 2598 Arte
165 2548 257 2599 morer?
274 2549 344 2600 taliu'
356 2547 448 2612 possum
459 2563 499 2596 me
508 2560 629 2608 opponere
637 2539 763 2596 monslrol
775 2557 780 2562 ·’

87 2615 143 2675 Jam
153 2616 205 2675 jam
216 2614 300 2677 linquo
311 2617 379 2666 acies.
398 2619 437 2666 Ne
448 2631 487 2664 me
498 2623 585 2664 terrete
595 2612 736 2661 timentem·

53 2705 61 2723 .
89 2679 225 2740 obscoenae
236 2682 355 2732 volucres:
374 2681 466 2734 alarum
475 2683 573 2730 uerbera
580 2679 661 2738 nosco,

83 2741 264 2805 Lethalemque
275 2748 369 2798 sonum.
388 2753 441 2799 Nec
450 2747 540 2798 fallunt
547 2745 609 2811 julla
618 2745 717 2808 superbi

10 2804 239 2888 'XMagmlml
250 2813 324 2878 J⁰Vib
341 2817 409 2886 Haec
418 2831 464 2880 pro
474 2815 614 2880 virginitate
624 2807 736 2879 reponiri
891 2783 892 2790 ἵ
