1818 2914
81 27 130 75 214
173 19 629 68 AENEIDOSLIB.V11.
681 29 738 80 247.

80 115 150 160 More
161 114 229 162 daret
240 113 345 175 populis3
364 114 536 173 sceptrumque,
553 112 662 176 sacerque
671 114 753 174 tiarae,
780 117 783 130 '
832 133 836 141 ·

13 210 18 214 -
78 177 228 241 Iliadumque
238 178 313 238 labne,
326 177 404 225 vestes.
741 183 743 190 ’

110 245 211 295 Talibus
223 244 304 294 Ilionei
316 245 392 302 diuis,
403 243 483 294 defixa
493 245 597 296 Latinus

77 315 173 363 Obtutu
184 323 249 362 tenet
260 329 309 369 ora,
321 310 417 372 soloque
428 312 558 361 immobilis
568 313 658 372 haeret,

78 383 187 430 Intentos
198 377 292 427 volvens
303 376 391 427 oculos.
411 383 462 427 Nee
474 395 576 442 purpura
587 389 665 440 segem

78 448 144 496 Picta
155 453 242 503 movet,
254 459 298 492 nee
310 445 402 506 sceptra
414 457 511 495 movent
524 447 640 494 Priameia
653 455 761 506 tantum,
833 501 837 512 ¹

77 513 200 582 Qantum
213 512 236 558 in
247 514 369 560 connubio
380 524 452 562 natae
461 511 616 574 thalamoque
625 523 743 571 moraturi
755 564 757 572 ,

76 583 109 628 Et
123 579 204 626 veteris
217 579 291 626 Fauni
304 577 380 629 voluit
390 579 431 628 sub
443 582 534 642 pestore
546 580 649 628 sortem:

75 647 145 696 Hunc
157 643 224 692 illum
236 646 293 694 satis
301 656 400 697 externa
410 651 440 696 ab
449 648 500 696 sede
509 650 641 708 profestum

75 712 189 760 Portendi
200 728 322 772 generum,
335 715 474 777 paribusque
485 715 510 762 iu
522 731 595 776 regna
603 714 680 762 uocari

73 778 207 840 Auspiciis:
228 779 284 828 binc
296 784 431 844 progeniem
444 785 531 832 viiuute
541 785 647 831 suturam

75 846 212 907 Egregium,
224 857 249 896 et
260 858 340 898 tutum
351 866 410 912 quae
421 850 508 898 uiribus
519 858 618 910 occupet
629 849 720 897 orbem.

75 913 191 964 ’randum
203 913 277 964 laetus
288 917 336 964 ait:
356 915 392 966 Di
405 916 483 964 nostra
494 917 587 977 incepta
598 915 735 972 secundent,

76 982 260 1044 Auguriumque
272 983 346 1032 suum.
364 984 478 1042 Dabitur,
490 983 603 1046 Trojane‚
616 984 683 1043 quod
693 991 770 1044 optes.

76 1049 179 1096 Munera
191 1066 233 1098 nec
245 1049 335 1110 sperno.
356 1049 497 1106 Nonvobis,
510 1065 562 1110 rege
571 1049 671 1108 Latino,

75 1114 167 1163 Divitis
179 1118 235 1164 uber
245 1117 304 1178 agri,
312 1116 426 1176 Trojaeve
435 1114 557 1175 opulentia
567 1115 650 1162 deerit.
698 1147 700 1152 ·

76 1181 128 1242 lpse
140 1184 314 1230 moderneas
327 1179 410 1243 (nostri
421 1179 438 1227 fi
450 1189 518 1227 tanta
530 1181 617 1238 cupido
628 1179 672 1239 est,

77 1248 101 1296 Si
111 1247 178 1309 jungi
186 1245 289 1306 hospitio
300 1255 420 1308 properat,
432 1245 531 1292 sociusve
544 1245 634 1305 vocari)

76 1314 209 1370 Adveniat3
229 1311 307 1360 vultus
318 1329 376 1360 neve
387 1311 533 1360 exhosrescat
544 1309 646 1359 amicus:

76 1383 134 1432 Pars
145 1379 204 1428 mihi
216 1380 279 1441 pacis
290 1379 335 1428 enit
346 1380 454 1428 dextram
465 1375 565 1438 tetigisse
576 1377 683 1438 tyranni.

75 1449 124 1498 Vos
133 1458 216 1496 eontra
227 1449 275 1509 regi
287 1463 339 1496 men
351 1461 414 1496 nunc
425 1447 540 1496 mandata
550 1447 643 1494 referte.

76 1515 118 1566 Est
129 1516 188 1564 mihi
200 1525 265 1574 nata,
276 1515 328 1563 viro
339 1514 416 1576 gentis
427 1529 499 1578 quam
509 1513 605 1575 jungere
617 1509 717 1572 nostiae,

77 1585 136 1634 Nun
145 1583 224 1644 patrio
233 1600 262 1632 ex
270 1584 344 1644 adyto
352 1583 433 1641 sortes,
446 1597 494 1630 non
505 1578 609 1641 plurima
617 1576 682 1628 coelo

77 1649 186 1700 Monstra
196 1649 289 1698 sinunt:
309 1665 405 1710 generos
413 1649 516 1698 externis
525 1645 596 1694 affore
604 1647 634 1692 ab
646 1645 703 1704 oris,

76 1721 131 1767 Hoc
139 1719 213 1768 Latio
222 1713 307 1765 restare
315 1725 414 1774 canunt,
424 1715 466 1776 qui
478 1713 587 1774 sanguine
596 1711 702 1762 nostium

78 1789 175 1834 Nomen
187 1785 211 1831 iu
223 1781 282 1830 astra
294 1785 380 1830 ferant.
399 1785 470 1830 Hunc
481 1779 548 1828 iilum
558 1779 650 1840 poscere
662 1781 720 1828 satu·

77 1853 112 1900 Et
124 1867 184 1909 reos,
196 1859 219 1897 ei
233 1848 261 1911 (si
273 1849 332 1910 quid
343 1851 389 1896 uen'
402 1863 469 1894 mens
479 1847 589 1906 augurat)
603 1855 671 1906 opto.

112 1921 177 1966 Haec
188 1915 280 1974 effatus,
291 1931 364 1976 equos
373 1930 474 1961 numeru
486 1921 553 1974 pater
564 1911 630 1972 eligit
639 1911 726 1960 omui:-

80 1987 182 2033 Stabant
191 1993 227 2032 ter
236 1993 331 2031 centum
343 1981 414 2030 nitidi
424 1980 448 2028 iu
459 1979 606 2041 praesepibus
617 1977 685 2027 altis:

80 2052 198 2100 Omnibus
207 2048 329 2110 extempio
338 2050 436 2096 Teuciis
442 2049 509 2110 jubet
518 2047 601 2094 ordine
608 2045 662 2094 duci

80 2117 193 2166 instratos
203 2117 264 2165 ostro
276 2116 377 2178 alipedes
388 2115 500 2176 piuisque
509 2113 603 2175 tapetis

79 2187 161 2232 Aurea
172 2185 304 2243 pesturibus
313 2179 408 2234 demissa
417 2180 515 2228 monilia
522 2182 638 2242 pendent3

77 2249 147 2297 'resti
157 2264 221 2304 auro,
235 2249 326 2298 fulvum
341 2249 459 2297 mandunt
470 2249 512 2294 sub
523 2248 631 2296 dentibus
639 2260 731 2294 aurum.

79 2313 182 2360 Absenti
194 2318 289 2361 Aeneae
298 2333 402 2374 currum,
414 2313 564 2376 geminosque
573 2309 662 2375 jugales
741 2315 744 2320 ’

43 2391 47 2398 ·
78 2378 172 2424 semine
181 2382 211 2426 ab
223 2379 336 2438 aetherio,
346 2383 461 2446 spirantes
472 2381 566 2428 naribus
574 2381 662 2439 ignem,

78 2439 174 2488 illorum
188 2447 216 2490 de
228 2456 306 2504 gente,
320 2448 382 2506 patm'
393 2463 453 2508 quos
460 2445 567 2495 Daedala
576 2446 643 2494 Circe

77 2505 202 2575 Supposua
214 2512 243 2556 de
255 2521 330 2560 matre
343 2513 430 2562 nothos
441 2517 519 2562 furata
532 2513 627 2562 creavit.

76 2568 100 2610 T
101 2567 176 2642 usibus
188 2572 315 2622 Aeneadas
326 2579 394 2626 donis
405 2579 520 2640 disiis‘qne
528 2579 622 2638 Latini,

9 2711 10 2714 Ἴ
78 2629 193 2682 Subluaes
205 2636 230 2686 iu
241 2641 306 2702 equis
317 2645 426 2704 redeunt,
438 2662 571 2712 pacemque
582 2654 715 2710 reponant.

9 2769 92 2828 'X
