1806 2912
82 79 133 127 3²0
176 67 429 150 AENEmos
461 67 545 115 ΗΒ.
575 69 631 116 xit.
683 67 739 130 ιιι.

80 169 213 230 Extemplo
222 171 301 218 Turni
309 169 342 232 [ιι
352 170 385 218 est
394 167 465 217 affata
475 169 587 228 sororem,

79 235 144 286 Diva
152 239 241 296 Deam,
255 235 339 297 stagnis
350 250 409 296 quae
420 235 600 296 fluminibusque
610 236 700 284 sonoris

80 301 213 354 Praesuer:
232 301 295 349 hunc
303 300 337 347 ilii
349 315 390 348 rex
401 299 502 348 aetheris
512 299 574 349 altus
586 302 702 350 honorent

79 367 175 431 Jupiter
184 376 263 428 erepta
274 382 317 428 pro
328 365 464 426 virginitate
474 366 586 416 sacrarit:

79 433 196 496 Nympha
208 435 275 480 decus
287 431 752 493 fluviorum,animograt1slmanostro‚

80 501 140 558 sris,
152 510 178 548 ut
190 509 213 547 te
222 495 311 552 mosiis
321 512 395 544 unam
398 513 570 560 ,quaecunque
581 499 684 548 Latinae

79 563 228 626 Magnanimi
236 561 321 626 Jovis
315 571 434 623 ingratum
446 565 567 612 ascendere
578 563 665 624 cubile,

79 628 240 686 Praetulerim,
252 627 359 691 coelique
370 629 471 680 lubens·
464 647 488 693 ιιι
501 639 569 690 parte
580 629 695 679 locirim·
688 665 695 679 .

78 696 148 746 Disce
157 705 235 751 tuum,
248 709 327 744 neme
339 695 436 754 incuses,
447 699 547 759 Jutuma
558 696 674 746 dolorem.

79 763 134 826 Qa
143 761 188 808 risa
199 759 233 808 esi
243 763 341 812 fortuna
352 763 412 823 pati,
426 754 558 824 parcitque
569 761 677 812 sinebant

77 829 165 876 Cedere
176 843 213 875 res
224 828 307 885 Latio,
319 830 430 877 Turnum
442 840 466 878 et
477 839 519 878 tua
530 829 625 878 moenia
636 827 700 878 texi:

71 893 166 943 Nunc'
158 909 269 955 juvenem
281 895 410 955 imparibus
419 882 487 942 rideo
497 909 633 944 concurrere
644 896 710 952 fatis;

77 961 254 1021 Parcarumque
266 961 316 1010 diet
325 971 350 1010 et
359 961 393 1009 vis
404 961 500 1010 inimica
511 961 664 1027 propinquat.

76 1027 136 1074 Non
145 1042 251 1087 pugnarn
263 1027 363 1088 aspicere
371 1027 433 1076 hanc
444 1027 525 1086 oculis,
539 1043 587 1077 uon
599 1029 690 1076 foedera
700 1023 805 1088 polium.

76 1092 118 1140 Tu
130 1109 174 1154 pro
183 1109 296 1153 germano
306 1093 321 1142 si
334 1095 392 1160 quid
401 1063 543 1154 praesentiis
551 1097 632 1151 audes,

78 1157 166 1220 Perge·
186 1161 269 1208 decet:
288 1159 366 1207 sorsan
377 1153 471 1207 miseros
481 1158 578 1208 meliora
589 1160 722 1218 sequentur.

78 1225 127 1272 Vix
139 1243 175 1284 ea,
188 1227 242 1274 cunr
253 1223 366 1284 lacrymas
377 1223 455 1270 oculis
457 1227 558 1284 Juturna
567 1225 682 1283 profudit,

78 1290 129 1338 Ter
130 1307 176 1354 que
187 1301 315 1353 quaterque
327 1305 397 1336 manu
409 1289 487 1366 petius
498 1286 605 1348 pervasit
617 1287 752 1336 honestum.

79 1358 138 1406 Non
153 1357 270 1419 lacrymis
270 1356 315 1404 hoc
323 1364 426 1416 tempus,
438 1353 471 1402 ait
480 1354 589 1402 Saturnia
600 1355 676 1416 Juno:

80 1422 204 1482 ΑιιιΙιιι,
216 1433 239 1472 et
251 1425 358 1479 sratrem
369 1417 386 1467 sr
398 1419 451 1482 quis
461 1421 554 1477 modus,
566 1419 628 1482 eripe
640 1419 727 1468 morti·

80 1493 136 1538 Aut
145 1499 173 1539 tu
184 1461 271 1538 b’eua'
252 1505 295 1546 ιιι,
306 1497 494 1547 conceptumque
505 1494 590 1534 excute
600 1487 691 1534 foedus.

80 1558 174 1604 Αιιᾶοι
185 1572 228 1616 ego
237 1555 345 1604 audendi.
363 1554 401 1601 Sic
411 1552 538 1602 exhortata
546 1550 643 1612 reliquit

80 1624 209 1680 Incertam,
221 1631 245 1670 et
256 1619 316 1673 tristi
324 1622 444 1669 turbatam
455 1617 551 1666 vulnere
563 1619 657 1666 mentis.

114 1691 206 1736 Interea
217 1703 280 1746 reges
293 1687 396 1748 (ingenti
408 1684 469 1734 mole
478 1683 581 1734 Latinus

81 1755 227 1820 Qadrijugn
238 1752 332 1800 vehitur
342 1769 420 1811 curru,
432 1751 470 1800 cui
480 1763 589 1811 tempora
600 1749 686 1798 circum

80 1821 170 1869 Aurati
181 1821 216 1867 bis
227 1819 339 1867 sex-radii
350 1817 463 1878 fulgentia
474 1817 582 1877 cingunt,

81 1885 142 1935 Soli<
153 1885 189 1928 avi
201 1885 332 1937 specimen.-
352 1886 411 1936 bigis
420 1884 440 1924 it
450 1885 545 1924 'ramus
553 1883 578 1924 in
590 1878 660 1938 alliis,

80 1945 141 1994 Bina
152 1959 224 1992 manu
236 1941 285 1990 lato
296 1941 398 2003 crispans
409 1940 501 1990 hastilia
510 1945 580 1991 ferre.

80 2011 146 2062 Hinc
154 2020 221 2071 pater
228 2012 332 2066 Aeneas,
345 2011 469 2058 Romanae
479 2007 555 2069 stirpis
567 2009 642 2071 origo,

82 2079 177 2128 sidereo
188 2077 288 2137 flagrans
299 2073 390 2137 clypeo,
402 2083 427 2122 et
438 2073 573 2123 coelestibus
584 2077 665 2134 armis,

81 2145 135 2194 Et
126 2154 197 2207 Juxta
208 2143 333 2200 Ascanius,
345 2157 444 2202 magnae
455 2141 505 2201 spes
515 2139 589 2190 altera
601 2145 706 2206 Romae)

81 2212 218 2260 Procedant
229 2207 321 2260 castris:
340 2221 444 2268 puraque
456 2207 480 2254 in
492 2205 552 2255 vesle
563 2207 667 2256 sacerdos

82 2277 200 2337 setigerae
209 2278 299 2324 foetum
312 2274 367 2334 suis,
378 2271 545 2335 intonhmque
553 2274 674 2322 bidentem

81 2340 188 2400 Attulit,
200 2341 354 2402 admovitque
365 2355 433 2402 pecus
445 2339 596 2402 flagrantibus
605 2340 659 2389 aris.

81 2405 121 2453 illi
130 2409 160 2455 ad
168 2407 300 2478 surgentem
312 2405 413 2454 conversi
426 2405 515 2454 lumina
522 2404 614 2468 Solem,

80 2471 151 2518 Dant
162 2465 240 2531 frugen'
251 2473 361 2522 manibus
372 2470 450 2530 salsas
461 2482 485 2521 et
495 2463 603 2534 tempora
614 2475 676 2522 seno

80 2537 180 2584 Summa
190 2548 277 2586 notant
289 2540 415 2598 pecudum,
427 2539 559 2600 paterisque
569 2537 652 2588 altaria
663 2538 747 2590 libant.

113 2601 178 2646 Tum
190 2602 347 2660 piurAeneas
358 2602 435 2652 sinuo
447 2604 479 2652 src
490 2606 542 2654 ense
553 2615 675 2666 ριιιιιιιιι

80 2661 138 2711 Esto
148 2679 213 2714 nune
223 2667 266 2716 Sol
276 2667 350 2729 resur,
359 2679 386 2720 et
390 2669 456 2722 haee
465 2671 526 2722 milri
537 2682 599 2724 terra
610 2674 726 2736 precanti,
