1804 2904
119 104 125 112 ,
230 23 654 107 'acuooA.m.nn

20 177 23 190 ·
42 145 45 148 ’
78 144 195 195 Chaonias
207 145 299 206 dicunt,
312 143 391 206 aquila
404 143 522 200 ueniente,
535 139 664 188 columbas.
721 135 722 138 ’

78 213 150 278 Qod
162 214 255 262 nisime
268 227 416 274 quacumque
428 227 501 258 novas
512 207 617 256 incidere
624 206 678 254 lites

76 285 145 328 Ante
155 279 245 329 sinislra
257 296 314 330 cava
325 266 450 326 monuisset
462 279 491 324 ab
504 275 555 330 ilice
567 275 661 331 cornix,

77 350 129 396 Nec
142 357 196 396 tuus
207 348 247 396 hic
259 347 357 406 Moeris,
370 361 413 392 nec
424 345 511 391 viveret
524 342 571 404 ipse
583 339 714 390 Menalcas.
900 383 901 396 ,

78 430 101 461 u.
115 417 178 474 Heu,
187 415 250 462 cadit
260 412 440 474 in'quemquam
448 419 543 458 tantum
552 405 635 456 scelus!
647 407 694 456 heu
704 417 746 454 tua
756 410 822 457 nobis
900 407 901 468 Ϊ

17 499 19 508 ’
78 483 156 528 Paene
168 477 237 528 simul
247 491 328 535 tecum
336 478 419 526 solatia
430 487 506 538 rapta,
520 473 641 524 Menalca!
900 533 901 550 ¹

80 548 139 613 Qis
151 557 246 596 caneret
257 544 392 609 nymphas?
410 545 464 606 quis
475 543 574 590 humum
587 543 724 590 docentibus
736 539 815 590 herbis
900 555 901 558 ’

79 613 220 676 spargeret?
238 613 359 666 autuiridi
371 615 451 674 fontes
462 611 581 658 induceret
594 607 692 658 tunbra?

79 681 123 730 Vel
134 699 196 744 quae
207 679 293 740 sublegi
300 681 385 728 tacitus
394 679 441 728 tibi
453 677 558 742 carmina
569 693 652 736 nuper,

31 783 38 800 0
79 751 143 796 Cum
156 759 182 796 te
193 749 223 796 ad
234 745 325 796 delicias
336 750 406 795 ferres
418 742 570 806 Amaryllida
582 741 689 802 nostras?

80 816 176 874 Tityre,
189 815 245 862 dum
256 814 421 885 redeaprevis
432 811 465 860 est
477 812 522 871 via,
536 811 602 874 pasce
614 807 727 878 capellam

81 883 115 928 Et
127 889 210 941 potum
222 879 299 942 pastas
310 897 360 942 age,
372 881 457 942 Tityre
467 897 474 936 3
493 889 518 928 et
530 879 721 938 interagendum

81 947 205 996 Occursare
216 965 297 1008 capro,
310 963 383 994 cornu
395 947 450 992 ferit
460 943 509 1002 ille,
521 955 612 995 caueto.

16 1015 17 1022 ’
48 1025 55 1042 ·
82 1030 112 1061 m.
126 1017 203 1062 immo
215 1014 283 1072 haec,
296 1027 356 1075 quae
367 1014 430 1060 Varo
442 1025 485 1058 nec
496 1012 554 1056 dum
565 1013 667 1070 perfetta
679 1009 777 1062 cadebat

80 1083 149 1140 Vnst,
162 1091 230 1130 tuum
242 1095 341 1139 nomen,
356 1079 458 1142 (superet
472 1078 545 1125 modo
557 1079 660 1124 Mantua
671 1079 747 1136 nobis,
820 1097 822 1100 ·
900 1081 901 1098 ¹

80 1151 193 1206 Mantua,
205 1165 248 1196 vae
257 1149 362 1205 miserae,
374 1146 477 1194 nimium
488 1145 565 1192 vicina
574 1145 730 1207 Cremonael)

80 1217 213 1263 Cantantes
224 1211 323 1262 sublime
335 1215 412 1261 serent
424 1215 454 1260 ad
466 1209 538 1260 sidem
550 1211 626 1274 cycni.
664 1267 667 1270 ¹

80 1297 104 1328 a.
116 1281 154 1330 Sic
165 1291 208 1330 tua
220 1284 324 1342 Cymeas
336 1281 429 1342 fugiant
439 1280 550 1328 examina
561 1289 643 1328 taxos:

73 1349 115 1395 Sic
127 1349 201 1410 cytiso
213 1347 291 1410 pastae
302 1347 430 1398 distentent
441 1350 512 1396 ubera
525 1363 615 1400 νεεωε,
750 1383 761 1410 ,

78 1415 168 1476 Incipe,
182 1413 198 1462 fi
211 1415 269 1476 quid
280 1416 360 1463 habes.
379 1425 403 1464 et
415 1431 453 1462 me
466 1418 538 1463 fecere
549 1418 647 1475 poetam

79 1482 197 1530 Pierides:
216 1483 270 1530 sunt
282 1491 306 1529 et
318 1481 377 1529 mihi
389 1481 502 1530 carmina.
522 1498 560 1528 me
572 1497 667 1542 quoque
679 1480 761 1530 dicunt

77 1548 166 1594 Vatem
178 1546 294 1607 pastores;
313 1549 412 1595 sednon
424 1565 467 1608 ego
478 1547 585 1598 credulus
597 1547 652 1594 illis.

76 1617 146 1661 Nam
160 1625 237 1670 neque
248 1611 325 1657 adhuc
333 1615 396 1657 Varo
406 1614 496 1670 videor,
509 1629 551 1659 nec
563 1614 638 1659 dicere
650 1613 727 1660 Cinna

76 1681 171 1740 Digna,
184 1677 223 1724 secl
235 1685 330 1736 argutos
340 1676 402 1722 inter
414 1675 512 1736 strepere
521 1677 587 1724 anser
598 1675 681 1726 olores.
818 1721 824 1726 .

78 1760 109 1792 aa.
121 1743 315 1804 ldqnidcmag03
328 1751 352 1791 et
359 1743 724 1804 tacitus,Lycida,mecumipse,
730 1745 821 1808 voluto,
900 1749 901 1760 ³

77 1811 104 1858 Si
117 1807 206 1858 valeam
218 1807 362 1868 meminisse;
383 1826 460 1871 neque
472 1809 505 1859 esl
516 1807 619 1872 ignobile
628 1827 731 1860 carmen.

76 1879 133 1925 Huc
143 1879 207 1935 ades,
220 1873 352 1926 &Galatea
371 1878 423 1938 quis
433 1877 465 1926 est
477 1895 533 1926 nam
546 1875 614 1926 ludus
625 1878 649 1926 in
661 1879 748 1929 undis?

76 1942 127 1990 nte
137 1959 178 1991 ver
188 1959 345 2005 purpureum:
364 1945 440 1992 varios
450 1943 490 1992 hic
501 1946 599 1993 flumina
609 1947 696 1994 circum

77 2009 166 2060 Fundit
177 2009 264 2057 humus
274 2012 355 2058 flores:
376 2009 417 2060 hic
428 2012 528 2060 candida
539 2011 641 2072 populus
651 2023 721 2062 antro

76 2076 201 2136 imminet,
214 2085 239 2124 et
250 2073 328 2125 lentae
339 2087 425 2126 texunt
435 2076 572 2126 umbracula
583 2079 653 2126 vites.

73 2145 130 2190 Huc
142 2145 209 2200 ades;
229 2143 304 2191 insani
316 2143 403 2191 feriant
415 2141 464 2190 fine·
474 2142 544 2191 litora
555 2145 644 2192 nunus.

56 2223 99 2258 ιι,
137 2210 188 2268 uid,
196 2225 260 2271 quae
271 2219 295 2258 te
307 2207 452 2272 purasolum
464 2209 505 2258 snb
517 2213 585 2259 noete
597 2221 722 2262 canentem

72 2273 224 2324 Audieram?
242 2293 352 2324 numeros
364 2276 471 2334 memini,
484 2275 501 2324 si
512 2280 584 2326 verba
595 2287 709 2326 tenerem.
741 2277 743 2280 ’

74 2357 104 2392 u,
115 2342 228 2404 Daphni,
241 2346 300 2404 quid
310 2345 423 2406 antiquos
435 2342 552 2404 fignorum
565 2345 659 2406 suspicis
670 2343 751 2396 ortus?

74 2410 135 2458 Ecce
147 2409 251 2456 Dionaei
263 2409 370 2470 procesht
383 2409 485 2458 Caesaris
496 2409 598 2463 astrum:

75 2474 185 2534 Astrum,
199 2492 247 2537 quo
258 2476 344 2537 segetes
356 2477 483 2538 gauderent
496 2477 612 2539 frugibu53
628 2478 657 2528 'et
669 2497 717 2542 quo

48 2544 51 2552 '
73 2541 178 2590 Duceret
190 2541 274 2603 apricis
285 2543 315 2596 in
321 2541 419 2592 collibus
430 2560 475 2592 uva
487 2542 598 2593 colorem.

74 2607 157 2668 Insere,
171 2608 282 2670 Daphni,
296 2611 372 2670 piros3
392 2620 490 2672 carpent
503 2620 543 2660 tua
556 2628 629 2674 poma
641 2624 748 2676 nepotes.

73 2675 161 2726 onnia
173 2677 219 2724 sert
231 2685 304 2738 aetas,
317 2677 422 2728 animum
434 2690 543 2742 quoque:
563 2681 630 2742 saepe
642 2697 686 2744 rgo
694 2673 780 2739 lonpos'
