1806 2912
153 65 525 124 Aeuaruosvnru.
554 65 622 116 vui.
674 79 729 130 709.
773 81 821 130 247

78 172 149 222 lllam
160 173 223 221 inter
230 171 321 229 caeder,
333 167 463 232 pallentem
473 179 550 219 morte
560 171 649 228 sutura,

20 289 24 300 ,
79 243 177 289 Fecerat
186 239 322 316 igniqotens
333 237 402 284 unuin
411 246 434 288 et
444 241 529 298 Iapyge
539 237 602 284 ferri.

79 311 172 356 Contra
182 305 260 353 autem
270 319 359 364 magno
371 313 514 352 moerentem
525 317 623 363 corpore
634 299 728 361 Nilum,

69 369 278 432 ¹Pandentemqne
290 369 360 428 smus,
372 376 397 420 et
406 379 458 418 tota
469 369 530 417 reste
542 379 667 418 vocantem

81 437 220 488 Caeruleum
232 437 257 484 in
268 437 393 498 gremium,
406 435 567 497 latebrosaque
579 436 677 484 flumina
686 433 767 482 ustos.

81 509 120 554 At
131 504 222 562 Caesar,
234 502 322 564 triplici
332 504 436 551 invectus
447 508 557 550 Romana
566 501 689 563 triumpho

82 571 188 630 Moenia,
198 569 245 618 Dis
252 568 319 618 italis
327 577 409 618 votum
418 567 553 618 immortale
565 569 679 627 sacrabat,

82 638 192 686 Maxima
203 646 336 685 tercentum
346 646 424 685 totam
433 634 530 684 delubra
539 651 580 698 per
588 637 680 683 urbem.

33 743 38 754 .
83 704 199 761 Laetitia,
209 700 373 764 ludisqueviae
382 701 512 764 plausuque
519 703 667 750 fremebant:

85 770 206 820 Omnibus
213 769 238 815 in
247 767 343 829 templis
352 779 455 817 matrum
466 769 559 826 chorus,
569 768 680 816 omnibus
688 780 754 818 arae:

84 839 156 884 Ante
166 849 217 882 aras
225 843 313 883 terram
323 835 379 884 caesr
389 835 486 884 stravere
496 836 598 898 juvenci.

85 901 145 963 lpse,
158 901 237 950 sedens
249 901 317 950 niveo
325 903 449 950 candentis
456 901 537 950 limine
546 901 646 960 Phoebi,

85 971 158 1018 Dona
167 969 310 1030 recognoscit
318 967 471 1029 populorum,
482 977 599 1030 aptatque
606 967 710 1030 superbis

85 1034 207 1084 Postibus:
225 1035 340 1083 incedunt
348 1035 421 1082 vietae
432 1033 503 1097 longo
514 1035 596 1084 ordine
607 1044 697 1096 gentes,

87 1101 167 1164 Qum
178 1101 253 1150 variae
264 1099 359 1162 linguis,
371 1100 456 1156 habitu
466 1111 516 1150 tam
526 1100 593 1150 restis
602 1111 627 1148 et
635 1101 715 1149 armis.

85 1165 137 1216 Hic
149 1170 284 1217 Nomadum
292 1184 374 1229 genus,
386 1177 410 1217 et
419 1169 542 1218 diseinstos
552 1167 761 1225 MulciberAsros,
804 1213 806 1218 Α

86 1231 137 1282 Hic
145 1233 251 1296 Lelegas,
264 1235 389 1298 Carasque,
401 1235 587 1297 sagittiferosque
600 1234 706 1300 Gelonos

86 1301 213 1350 Fluxerat:
234 1302 367 1362 Euphrates
377 1301 427 1352 inat
436 1305 488 1366 jam
498 1301 592 1350 mollior
603 1301 681 1360 undis,

85 1367 376 1428 Eritremiquohominum
387 1371 487 1427 Morini,
502 1369 646 1429 Rhenusque
657 1367 768 1427 bicornis,
864 1405 865 1411 η
886 1399 887 1416 r

85 1433 248 1491 indomitique
256 1432 349 1488 Dahae,
362 1443 386 1480 et
396 1443 494 1491 pontem
504 1435 640 1494 indignatus
650 1438 751 1484 Araxes.

119 1495 200 1553 Talia,
213 1511 256 1556 per
265 1494 373 1556 clypeum
383 1497 491 1554 Vulcani,
501 1500 564 1545 dona
573 1501 677 1558 parentis

15 1591 17 1600 =
86 1564 204 1619 Miratur3
225 1577 349 1622 rerumque
359 1561 451 1621 ignarus
460 1563 561 1622 imagine
569 1565 666 1624 gaudem

85 1627 213 1679 Attollens
220 1627 321 1676 humero
330 1629 467 1690 famamque
475 1638 499 1676 et
508 1631 558 1677 sata
570 1640 693 1691 nepotum.

195 1833 713 1906 nnuurnosnrn.1x.

85 1968 156 2014 Ano.
176 1967 263 2013 Turnus
274 1983 288 2012 a
299 1965 386 2031 Junoire
396 1967 418 2014 iu
430 1966 523 2017 Teucros
534 1966 664 2033 iriligamr:
684 1970 723 2018 ille
737 1969 826 2035 oiftqai-

119 2043 163 2088 rur,
177 2047 287 2095 curiamque
299 2048 368 2080 naurs
380 2048 469 2080 camere
481 2043 576 2082 conatur.
597 2037 615 2079 V
617 2051 676 2081 erum
686 2037 752 2099 Jouis
765 2036 827 2084 iene-

113 2099 305 2162 ficioscruarrtur,
325 2115 350 2146 ur
362 2099 384 2144 in
396 2097 482 2144 totidem
496 2099 612 2164 Nymphas
626 2101 720 2148 marinas
735 2117 827 2149 conver-

19 2167 25 2178 '
118 2172 201 2211 rantur.
232 2164 301 2229 Nym
312 2172 333 2211 er
346 2163 595 2230 EuryaiasaTrojanis
613 2165 642 2212 ad
652 2167 750 2216 Aeneam
763 2167 828 2230 emiffi
884 2185 885 2192 ¹

99 2255 102 2260 ·
119 2230 273 2343 {ansularum
294 2232 380 2278 Turnus
390 2231 415 2277 vi
421 2232 504 2296 potitur
512 2229 585 2294 castris
592 2251 605 2288 ,·
619 2233 660 2298 fid
665 2231 742 2298 statim
752 2235 826 2300 expel-

129 2298 180 2344 itur.

84 2427 207 2494 ATQJE
219 2445 246 2476 ea
257 2429 343 2478 diuersa
356 2430 450 2494 penitus
458 2431 514 2479 dum
523 2441 590 2494 parte
601 2443 722 2496 geruntur,

81 2496 140 2544 lrim
153 2495 181 2541 de
193 2493 257 2543 coelo
269 2495 331 2544 mifit
341 2499 449 2546 Saturnia
458 2502 520 2562 Juno

80 2562 207 2610 Audacem
219 2564 249 2609 ad
255 2565 372 2612 Turnum.
393 2568 459 2613 Luco
470 2575 521 2614 tum
534 2569 597 2615 sorte
606 2569 711 2630 parentis

82 2625 188 2676 Pilumni
196 2629 291 2677 Turnus
303 2631 389 2679 sacrata
399 2630 458 2679 valle
468 2633 573 2692 sedebat3

82 2695 125 2743 Ad
133 2709 204 2757 quen
213 2694 315 2746 stc-roseo
322 2698 496 2750 Thaumantias
507 2715 547 2748 ore
558 2697 637 2750 loc'uta
646 2699 693 2749 eii:
