1804 2904
13 0 17 1 ⁷
77 24 110 85 48
218 28 390 76 cuono.
425 30 571 78 otuu.
624 29 682 92 287.

7 149 8 152 ¹
79 131 163 182 Terra,
176 141 252 186 neque
265 127 289 174 ln
299 142 398 174 vacuum
410 136 522 186 poterunt
534 127 555 173 se
567 130 692 176 extendere
703 126 771 176 tami.

113 190 220 240 Forsitan
230 203 253 240 et
265 194 381 239 scrobibus
393 209 452 252 quae
464 192 510 240 smt
519 193 609 253 fastigia
621 210 727 256 quaemus.

54 317 56 321 ι
78 259 165 309 Ausim
174 257 211 305 vel
220 261 284 307 tenui
297 260 368 306 vitem
379 260 529 309 committere
540 260 611 308 sulco.

78 327 161 375 Altius
170 343 197 374 ac
209 327 302 387 penitus
312 335 387 374 terrae
398 325 507 386 defigitur
518 321 598 386 arbos}
671 365 673 372 ,

78 393 193 444 Aesculus
205 391 333 453 inprimis:
354 409 414 453 quae
424 404 542 454 quantum
554 397 639 444 vertice
651 397 682 443 acl
692 409 758 444 aurae

78 462 213 518 Aetherias,
227 466 321 506 tantum
334 460 411 508 radice
422 459 447 507 in
454 463 556 510 Tartara
568 463 654 511 tendit.

76 533 143 590 Erga
154 543 201 575 non
215 526 301 572 hiemes
313 524 388 585 illam¹
399 544 447 575 uon
460 529 541 587 flabra,
555 546 630 592 neque
642 531 727 579 imbres

78 592 235 646 Convelluut:
256 593 358 642 immota
371 604 460 654 manet,
474 594 607 658 multosque
620 613 661 658 per
672 613 747 644 anuos

76 661 157 710 Multa
168 657 246 706 virium
258 659 353 708 volvens
363 663 469 710 durando
481 662 556 711 seculo
566 665 648 713 vincit.

75 731 140 777 Tum
153 729 225 775 sortes
237 725 284 774 late
294 745 372 776 remos
381 739 407 777 et
416 730 512 777 brachia
523 734 623 780 tendens

74 798 129 843 Huc
141 792 205 850 illuc,
218 795 295 842 media
308 796 356 856 ipsa
368 796 489 854 ingentem
501 797 595 846 sustinet
604 801 722 846 umbram.

72 865 139 909 Neue
150 862 195 909 tibi
204 863 234 908 ad
244 861 313 908 solem
327 871 424 922 vergant
433 863 513 910 vineta
524 867 661 912 cadentem:

72 931 139 976 Neve
148 929 210 976 inter
219 929 278 976 vites
288 929 393 990 corylum
400 927 461 977 sere:
481 946 538 978 neve
548 931 638 992 flagella

73 999 171 1044 Summa
181 1005 243 1056 pete,
256 1006 297 1045 aut
306 997 408 1046 summas
416 997 520 1058 defringe
528 1015 557 1045 ex
565 1001 646 1046 arboee
655 995 760 1058 plantas:

74 1064 182 1125 (Tantus
193 1079 260 1110 amor
271 1065 357 1122 terrae)
372 1080 416 1125 neu
428 1066 490 1110 ferro
498 1062 563 1110 laede
572 1065 648 1112 retuso

74 1131 183 1178 Semina:
204 1146 261 1176 neve
271 1129 334 1176 oleae
345 1126 455 1174 siluestres
466 1129 539 1176 insere
550 1139 653 1178 truncos.

73 1199 139 1246 Nam
152 1197 217 1256 saepe
229 1195 328 1242 incautis
339 1194 469 1255 pastoribus
481 1197 569 1245 excidit
581 1199 650 1258 ignis,

75 1264 123 1328 Qi
135 1265 221 1311 furtim
229 1261 310 1321 pingui
321 1262 425 1322 primum
435 1261 475 1310 sub
486 1264 571 1312 cortice
579 1267 663 1320 tetius,

73 1333 169 1377 Robora
182 1329 340 1386 comprendit,
352 1328 492 1390 frondesque
503 1328 593 1391 elaplirs
604 1332 629 1379 in
641 1329 710 1390 altas,

71 1400 194 1457 ingentem
205 1394 269 1442 coelo
279 1395 382 1443 sonitum
394 1397 473 1444 dedit:
494 1397 548 1446 iude
561 1399 650 1452 secutus

70 1466 116 1512 Per
127 1478 205 1510 ramos
214 1463 296 1520 tristor,
310 1479 397 1524 perque
406 1462 455 1512 alta
464 1466 586 1514 cacumina
595 1476 688 1528 regnat,

70 1533 103 1580 Et
113 1539 194 1579 totum
206 1527 306 1578 involvit
316 1531 417 1579 flammis
427 1547 519 1591 nemus,
528 1543 553 1581 et
561 1535 608 1582 mit
621 1543 698 1583 atram

68 1600 114 1646 Ad
122 1596 212 1646 coelum
222 1599 287 1658 picea
299 1595 383 1648 crassus
395 1597 493 1659 caligine
503 1602 589 1648 nubem
599 1616 604 1648 :

67 1665 208 1714 Praesertim
222 1664 236 1712 st
249 1676 296 1712 tem
302 1664 374 1726 peslas
384 1666 397 1714 a
408 1667 492 1714 vertice
504 1663 565 1714 silvis

68 1735 189 1791 Incubuit,
202 1731 365 1792 glomeratque
377 1736 453 1778 serens
465 1734 572 1778 incendia
584 1743 674 1780 ventusr

67 1802 121 1847 Hoc
130 1799 182 1856 ubi;
202 1815 251 1843 non
264 1796 356 1852 aslirpe
366 1795 454 1850 valent,
467 1797 589 1855 caesaeque
602 1799 685 1846 reverti

68 1863 176 1918 Possunt,
187 1872 261 1919 etque
274 1860 321 1904 ima
329 1857 413 1906 similes
422 1859 555 1908 revirescere
567 1871 628 1911 terra
639 1880 645 1910 τ

69 1929 157 1978 Infelix
167 1929 258 1986 superat
269 1924 332 1972 soliis
343 1923 439 1973 oleaster
447 1928 539 1976 amaris.

103 2001 154 2045 Nec
164 1994 208 2043 tibi
219 2003 271 2041 tam
281 1995 382 2053 prudeus
394 1993 519 2054 quisquam
532 1997 667 2056 persuadeat
679 2001 767 2058 auster,

68 2061 190 2114 Tellurem
201 2063 274 2109 Borea
285 2060 384 2119 rigidam
395 2061 497 2122 spirante
507 2078 608 2112 mouere.

70 2135 137 2180 Rura
148 2127 200 2191 gelu
209 2139 261 2177 tum
272 2124 359 2177 claudit
369 2128 458 2176 hiems:
479 2145 522 2177 uec
534 2130 692 2194 seminejado

68 2199 212 2247 Concretam
225 2195 315 2254 patitur
326 2195 428 2244 radicem
438 2194 527 2256 affigere
536 2207 618 2246 terrae.

70 2265 171 2326 Optima
179 2260 265 2310 vinetis
276 2261 343 2319 satio,
354 2264 408 2310 crim
419 2279 471 2310 vere
484 2265 577 2312 nubenti

68 2332 176 2380 Candida
188 2330 253 2377 veuit
266 2329 315 2376 avis
327 2328 402 2390 longis
411 2331 484 2378 invisa
493 2330 607 2380 colubris:

69 2398 150 2447 Prima
159 2395 197 2444 vel
207 2398 299 2446 autumi
309 2397 348 2444 suh
360 2399 454 2458 frigora,
468 2400 523 2446 cum
534 2399 629 2460 rapidus
637 2397 677 2450 Sol

68 2467 185 2514 Nondum
194 2464 295 2512 hiemem
308 2466 426 2526 contingit
439 2466 517 2528 equis3
526 2466 585 2530 -jam
595 2469 707 2529 praeterit
716 2467 796 2519 aestas.

68 2533 117 2581 Ver
128 2534 186 2580 adeo
198 2533 276 2582 frondi
286 2548 419 2592 nemorum,
431 2549 471 2580 uer
479 2532 538 2582 utile
549 2533 624 2584 silvis:

68 2600 128 2647 Vere
138 2609 234 2650 tument
242 2609 326 2660 terrae,
337 2611 361 2648 et
370 2597 486 2662 genetalia
493 2599 582 2650 semina
590 2603 696 2664 poscunt.

69 2665 135 2714 'nm
144 2676 213 2731 pater
222 2668 376 2732 omnipotens
387 2667 493 2720 fecundis
504 2668 619 2718 imbribus
625 2670 719 2718 Aether
