1818 2914
184 102 437 160 auuuruos
472 99 558 148 nra.
589 97 641 146 vn.
687 77 762 156 sios
792 109 838 146 iu
901 57 902 74 ¹

96 207 158 259 Dira
167 205 240 262 dedit,
251 199 325 262 raptis
334 205 477 247 concurrunt
487 194 593 254 undique
604 189 657 240 telis
695 237 697 243 ,
755 213 758 218 ,

100 263 215 324 indomiti
227 265 354 330 agricolae:
375 279 467 312 necnon
479 271 503 310 et
512 261 674 320 Trorarpubes

100 339 205 390 Ascanio
217 333 331 386 auxilium
343 330 423 380 castris
433 328 531 377 ell'undit
541 327 637 388 apertis.

94 405 210 460 Direxlre
220 403 287 452 acies.
307 403 364 449 Non
373 399 423 460 jam
434 397 562 444 certamine
572 392 664 454 agresti,

7 467 9 508 ἶ
97 473 223 536 stipitibus
234 459 298 518 duris
309 467 395 528 agitur,
408 462 528 512 sudibusve
539 458 663 524 praeustis;

95 543 142 590 aed
152 542 214 588 ferro
226 535 326 595 ancipiti
338 535 477 588 decernunt,
492 531 591 589 atra'que
599 525 647 574 late

96 605 217 657 Horrescit
229 601 311 650 strictis
322 599 383 660 seges
395 596 499 654 ensibus„
509 610 608 654 aeraque
617 590 719 654 fulgent*

98 672 151 724 Sole
162 668 272 726 lacessita,
285 677 310 714 et
321 665 397 714 lucem
406 665 447 712 sub
460 660 541 710 nubila
550 661 649 722 jasiant.

93 738 190 789 Fluctus
201 735 237 784 uti
248 733 325 795 primo
337 732 414 792 coepit
427 746 481 778 eum
491 727 603 776 albescere
613 735 684 784 vento
695 741 701 773 :

97 802 228 854 Paullatim
239 801 282 848 sese
293 797 358 863 tollit
368 803 442 856 mare,
454 805 478 844 et
491 793 561 842 altius
572 795 648 840 undas

92 872 180 932 Erigit,
193 869 247 916 inde
258 868 308 914 imo
319 864 436 924 consurgit
448 865 477 910 ad
487 862 582 910 aethera
594 860 677 908 fundo.

93 936 144 988 Hic
152 935 245 1000 juvenis
256 934 358 996 primam
372 941 427 978 ante
439 929 513 977 aciem
526 926 637 976 stridente
649 925 744 986 sagitta,

95 1008 216 1054 Natorum
227 1003 251 1049 T
269 999 318 1048 rrhi
329 1001 406 1046 fuerat
418 996 459 1056 qui
472 996 599 1051 maximus,
609 990 703 1040 Almon

95 1071 227 1120 Sternitur:
246 1017 320 1115 laefit
332 1063 395 1112 enirn
408 1063 448 1110 sub
458 1068 552 1122 gutture
561 1058 655 1117 vulnus,
669 1068 694 1106 et
705 1059 767 1106 udae

92 1137 165 1188 Vocis
176 1137 232 1196 iter,
240 1144 383 1192 tenuemque
395 1127 488 1178 inclusit
496 1127 606 1188 sanguine
616 1126 700 1174 vitam.

97 1207 204 1267 Corpora
216 1199 292 1266 multa
303 1196 380 1246 virum
393 1199 463 1255 circa,
475 1195 596 1255 seniorque
607 1191 729 1251 Galaesus,

91 1273 160 1320 Dum
170 1269 221 1330 paci
232 1267 335 1315 medium
348 1265 370 1313 se
379 1263 462 1313 offert:
480 1261 616 1325 justissimus
628 1274 689 1307 unus

95 1339 145 1404 Qi
157 1335 212 1393 suit,
225 1331 383 1394 Ausoniisque
395 1331 452 1378 olim
465 1327 589 1378 ditissimus
600 1327 674 1374 arvis:

92 1404 207 1468 Qinque
219 1415 298 1461 greges
308 1397 345 1444 illi
356 1395 490 1452 balantum,
503 1396 575 1456 quina
587 1395 699 1441 redibant

91 1473 224 1522 Armenta,
237 1474 263 1510 et
272 1473 360 1510 terram
373 1472 468 1509 centum
477 1463 582 1507 uertebat
594 1460 687 1506 aratris.

79 1593 83 1600 .
129 1537 216 1592 Atque
227 1544 255 1574 ea
266 1543 308 1586 per
319 1541 415 1584 campos
423 1541 499 1584 aequo
507 1526 562 1570 dum
573 1527 652 1570 Marte
661 1533 788 1586 genantur,

92 1595 202 1650 Promissr
215 1597 268 1642 Dea
280 1592 342 1640 fasta
352 1599 445 1652 potens,
457 1589 499 1636 ubi
510 1587 620 1648 sauguine
632 1587 721 1636 bellum
800 1631 803 1635 .

92 1664 194 1721 lmbuit,
207 1671 231 1710 et
241 1660 331 1722 primae
343 1654 551 1711 eommifit'funera
560 1671 661 1716 pugnae,
754 1665 758 1670 ’

90 1725 343 1787 DeseritHesperiam,
354 1732 377 1772 et
387 1721 446 1770 coeli
457 1737 562 1770 convexa
571 1737 613 1782 per
621 1736 688 1770 auras

63 1809 66 1818 ’
93 1801 215 1864 Junonem
227 1792 311 1861 victrix
321 1789 405 1839 affatur
416 1803 472 1838 voce
483 1789 594 1849 superba:

91 1867 133 1914 En
142 1863 248 1926 persedia
255 1858 299 1907 tibi
311 1855 373 1905 bello
384 1856 497 1904 discordia
507 1853 576 1903 tristi.

89 1931 148 1989 Dic,
161 1931 186 1978 in
197 1925 326 1976 amicitiam
339 1927 433 1984 cocant,
446 1932 471 1972 et
483 1925 576 1970 foedera
584 1922 700 1986 jungant3

93 1995 295 2062 Qandoquidem
305 1991 412 2038 Ausonio
424 1988 516 2050 respersi
528 1989 760 2052 sanguine'seircros,

63 2071 67 2074 “
87 2067 144 2114 Hoc
152 2062 225 2110 etiam
235 2059 271 2106 his
279 2059 375 2113 addam,
386 2065 428 2104 tua
440 2054 456 2102 si
469 2054 528 2103 mihi
539 2066 603 2104 certa
611 2054 731 2116 voluntas,

93 2129 221 2179 Finitimas
230 2126 255 2172 in
264 2122 325 2172 bella
335 2125 410 2170 seram
420 2121 552 2170 rumoribus
564 2122 642 2179 urbes,

89 2196 278 2257 Accendamque
290 2189 382 2237 animos
391 2187 466 2236 insani
476 2188 563 2235 Manis
573 2201 661 2247 amore,

88 2262 203 2322 Undique
211 2267 238 2308 ut
248 2254 336 2306 auxilio
345 2253 457 2312 veniant;
476 2254 583 2315 spargam
592 2269 658 2302 arma
669 2271 711 2316 per
719 2272 800 2318 agros,

87 2331 156 2378 Tum
166 2337 248 2376 contra
258 2327 334 2388 Juno:
353 2323 483 2370 Terrarum
495 2331 519 2369 et
528 2323 616 2369 fraudis
626 2325 718 2370 abunde
727 2324 768 2373 est.

87 2399 161 2447 Stant
170 2389 224 2442 belli
236 2387 338 2447 candian
359 2399 478 2450 pugnatur
488 2387 620 2434 cornminus
630 2389 708 2436 armis.

88 2463 158 2527 Quae
167 2463 215 2510 sors
226 2458 303 2519 prima
313 2456 388 2512 dedit,
398 2453 490 2514 sanguis
498 2469 572 2501 novus
583 2453 670 2503 imbuit
679 2471 752 2504 arma.

90 2527 163 2578 Talia
174 2523 291 2574 connubia
300 2532 323 2570 et
331 2519 391 2569 tales
400 2517 516 2567 celebrent
524 2516 676 2581 hymenaeos,

90 2590 218 2656 Egregium
226 2589 321 2638 Veneris
331 2601 412 2648 genus,
422 2596 447 2635 et
456 2601 495 2635 rex
506 2585 552 2648 ipse
561 2589 672 2636 Latinus.

86 2663 126 2712 Te
134 2661 202 2720 super
211 2655 324 2705 aetherias
333 2659 410 2702 errare
418 2651 525 2702 licentius
534 2669 611 2712 auras,
629 2679 631 2683 .

90 2727 164 2778 Haud
173 2727 244 2774 Pater
251 2721 292 2792 ille
301 2720 358 2771 velit
366 2721 451 2770 summi
461 2719 688 2784 regnatorolympi.
778 2756 782 2770 ,
