1806 2912
149 61 601 139 aerumnosarum.
646 95 706 144 51³·
762 86 809 138 aar
887 53 889 62 ’

71 187 165 241 Poffeut
177 191 263 239 unam
272 186 346 236 aciem
355 200 520 249 pennrnpere:
538 185 595 234 erim
604 193 685 234 tamen
694 200 777 236 ornnes

68 261 138 306 Ferre
149 255 207 304 libet
216 254 294 302 subter
303 253 373 302 densa
377 250 496 300 testudine
508 251 580 300 casus.
623 281 625 288 ι

69 323 139 374 Nec'
129 338 180 386 jam
191 319 320 370 sufficiunt:
340 334 407 376 nam,
419 333 466 380 qua
478 316 577 379 globus'
571 318 682 370 imminet
693 317 784 382 ingene,

70 392 203 438 Immanem
214 387 299 436 Teucri
307 383 400 434 molem
412 383 557 446 volvuntque
569 395 701 446 ruuntque3

70 457 155 533 Qec
150 452 230 504 stravit
240 449 344 502 Rutulos
355 449 403 500 late
405 467 589 512 ,armorumque
600 451 694 503 resolvit

69 519 201 582 Tegmina·
221 535 265 570 nec
275 527 361 568 curant
369 534 438 568 caeco
447 520 588 567 contendere
597 521 678 570 Marte

70 585 186 650 Amplius
196 588 296 636 audaces
306 583 405 644 Rutuli,
421 585 464 634 sed
474 581 560 647 pellere
570 583 633 635 vallo

70 652 309 704 lefiffilibusoertant

70 723 144 770 Parte
155 718 201 768 alia
212 717 341 767 horrendus
351 717 400 766 visu
411 715 534 780 quassabat
543 717 666 766 Etruscam

70 787 171 842 Pinum,
184 795 208 834 et
219 785 424 834 fumiferosinsert
436 784 571 838 Mezentius
582 785 654 846 ignes,

68 857 109 901 At
123 847 242 912 Messapus
249 849 340 913 equium
353 851 467 910 domitor,
481 851 604 912 Neptunia
616 849 702 911 proles,

69 917 196 968 Rescindit
207 915 304 976 vallum,
316 928 341 966 et
349 915 456 966 scalario
468 917 564 966 moenia
573 917 657 978 poscit.

104 987 162 1043 Vos,
176 980 315 1044 &Calliope
327 999 409 1044 precor
419 984 519 1048 aspirare
527 984 634 1042 canenti;

69 1052 141 1115 Qas
152 1051 184 1098 ibi
192 1060 244 1100 tum
254 1053 316 1102 ferro
326 1048 419 1110 strages,
433 1067 492 1112 quae
504 1053 586 1100 funera
594 1051 692 1099 Turnus

67 1118 193 1175 Ediderit;
211 1133 285 1180 quem
295 1115 394 1181 quisque
405 1114 482 1166 virsm
494 1117 621 1166 demiserit
624 1121 701 1166 Oreo·

67 1187 107 1234 Et
120 1199 211 1232 mecum
223 1185 329 1246 ingentes
341 1199 394 1232 oras
403 1181 504 1232 evolvite
515 1181 578 1232 belli.

67 1254 106 1300 Et
118 1249 256 1298 menumstrs
265 1267 340 1310 enim
352 1251 439 1309 Divae,
455 1260 621 1300 etmemornre
632 1247 738 1312 poteslrs
797 1281 801 1289 -

105 1316 189 1365 Turris
199 1327 250 1366 erat
260 1316 325 1366 valio
336 1316 449 1378 suspesiu,
460 1326 485 1366 et
497 1317 611 1378 pontibus
621 1315 686 1377 altis,

68 1386 217 1444 Opportuna
228 1381 293 1430 loeo:
313 1383 411 1430 summis
419 1398 492 1444 quam
503 1383 591 1432 viribus
601 1399 684 1434 omnes

67 1452 219 1508 Expugnare
228 1444 291 1504 itali,
303 1447 440 1510 summaque
452 1457 553 1496 evertere
564 1463 638 1509 opum
649 1450 681 1498 vi*

70 1515 222 1566 Certabant:
241 1513 317 1560 Trete
328 1520 412 1560 eontra
423 1513 547 1560 defendere
557 1513 629 1572 sanie,

70 1579 167 1641 Perque
176 1593 245 1628 cavae
256 1575 320 1628 denfi
331 1575 379 1626 tela
391 1576 526 1638 intorquere
537 1579 655 1628 fenestras.

55 1670 60 1690 ι
70 1647 188 1707 Princeps
199 1645 321 1694 ardentem
333 1643 433 1706 conjecit
444 1641 555 1706 lampada
565 1647 671 1705 Turnus,

70 1715 106 1764 Et
116 1714 239 1761 flammam
251 1709 327 1759 affixit
336 1709 415 1768 latori3
435 1727 495 1771 quae
506 1709 607 1772 plurima
618 1720 690 1762 vento

70 1778 196 1839 Corripuit
207 1776 308 1835 tabulas,
320 1788 344 1826 et
355 1775 543 1839 postibus'haefit
555 1777 635 1827 adesa
673 1823 677 1828 .

69 1845 176 1894 Turbati
187 1844 303 1905 trepidare
314 1843 387 1903 intus,
399 1843 530 1906 frustraque
541 1843 657 1894 malonem

69 1909 139 1962 Velle
150 1913 238 1972 sugam.
257 1913 324 1959 Dum
335 1911 357 1959 se
369 1909 510 1972 glomerant,
523 1923 633 1973 retroque
644 1911 749 1964 rufidnnt

71 1981 102 2026 ln
114 1986 216 2037 partem,
229 1993 288 2036 quae
300 1976 362 2038 peste
373 1987 445 2038 caret,
456 1989 509 2027 tum
522 1979 625 2040 pondere
637 1981 708 2028 turris

71 2043 204 2092 Procubuit
215 2041 301 2101 subito,
313 2053 337 2091 et
347 2042 437 2090 eoelum
449 2053 518 2094 tonat
530 2059 602 2092 omne
612 2047 718 2104 fragore:
734 2056 736 2060 ’

71 2109 207 2158 Semineces
218 2110 248 2156 ad
257 2119 354 2167 terram,
366 2109 465 2159 immani
478 2109 540 2158 mole
551 2110 637 2168 secuta,

71 2174 162 2224 Contir
148 2178 222 2236 ique·
229 2175 274 2223 suis
285 2172 347 2232 telis,
359 2184 384 2223 et
395 2177 490 2235 peoora
498 2177 558 2224 duro

70 2233 204 2290 Transsosli
216 2239 280 2302 ligno
292 2241 399 2290 veniunt.
419 2241 465 2289 Vix
476 2258 536 2290 unus
548 2240 660 2303 Helenor,

73 2309 108 2356 Et
118 2311 197 2368 Lycus
207 2305 293 2368 elapsi:
313 2323 414 2369 quorum
427 2308 560 2368 primaevus
570 2307 681 2370 Helenor,

73 2367 188 2422 Maeonio
198 2375 247 2435 regi
258 2390 328 2436 quem
342 2375 405 2422 serva
414 2373 542 2436 Licymnia
553 2377 660 2424 sutrim
693 2407 698 2420 .

71 2437 209 2498 sustulerat,
222 2441 346 2502 vetitisque
357 2443 388 2488 ad
399 2441 455 2501 Troj
458 2457 496 2488 am
510 2441 603 2491 miserat
614 2443 700 2502 armis,

70 2505 136 2553 Ense
147 2505 204 2554 levir
214 2509 287 2564 nudo,
300 2523 429 2570 parmaque
440 2506 552 2569 inglorius
563 2507 625 2558 alba.

71 2569 142 2632 Isque
152 2573 192 2620 ubi
201 2544 307 2622 seTuriri
319 2575 411 2622 media'
405 2584 467 2623 mter
476 2573 553 2623 millia
562 2575 638 2634 uidit3

70 2637 137 2684 Hinc
148 2639 216 2697 acies,
228 2649 301 2701 atque
312 2640 367 2689 hine
379 2641 438 2689 acies
449 2640 539 2690 adstare
548 2611 665 2704 Latinis,

72 2705 113 2752 Ut
122 2705 180 2765 sera,
192 2721 252 2769 quae
260 2706 330 2757 deuse
341 2717 469 2760 venantum
482 2709 548 2772 septa
559 2723 674 2758 corona·
