1818 2914
90 61 138 131 1'64
190 55 446 126 nanarno‘s
479 75 564 122 nra.
596 76 624 123 v.
677 75 715 136 as.

86 185 183 240 Septem
198 181 280 242 ingens
288 197 365 243 gyros,
379 181 472 239 septena
482 175 603 226 volumina
614 179 701 237 traua

86 246 222 307 Amplexus
235 245 325 308 placide
336 243 463 300 tumulum,
478 241 599 305 inpiosque
610 261 652 304 per
660 261 711 293 aras
719 262 732 309 τι

86 312 210 361 Caeruleae
223 315 258 361 eui
271 323 334 374 terga
346 321 425 367 notae,
442 308 572 358 maculosus
582 319 606 358 rt
618 325 674 358 auro

86 383 215 440 Squamam
228 379 365 426 incendebat
378 375 469 436 fulgor:
490 393 531 424 eeu
540 377 641 424 nubibus
651 391 717 424 aretas

86 445 154 493 Miile
165 446 238 494 trabit
251 444 324 492 varios
337 443 432 491 adverto
445 441 498 490 Sole
510 442 603 490 colores.

85 511 209 572 Obstupuit
222 509 269 556 visu
277 513 381 557 Aeneas.
401 507 442 557 lile
455 511 548 570 agmine
557 508 628 570 longo

83 579 190 626 Tandem
203 576 265 623 inter
276 586 378 636 pateras,
391 587 414 624 et
427 573 484 623 leuia
494 571 578 636 pocula
590 575 690 636 serpens,
771 631 772 636 ¹

82 643 224 702 libavitque
237 643 317 703 dapes,
328 641 449 704 rursusqtre
459 641 570 690 innoxius
582 643 631 688 imo

82 705 188 756 Sueeeffit
201 707 305 766 tumulo,
318 719 341 757 et
354 708 448 770 depasta
456 705 539 756 altaria
552 705 630 768 liquit.

80 777 134 822 Hoc
145 775 220 834 magis
231 775 338 836 inceptos
346 776 447 838 genitori
459 774 570 822 instaurat
581 774 691 833 honores,

81 843 186 889 Incertus
196 843 332 890 Geniunme
343 839 397 900 ioci,
411 841 557 889 famulumne
569 843 673 900 parentis

80 905 133 956 nise
146 919 222 970 putet.
242 909 326 957 Caedit
338 909 422 970 quinas
434 911 463 956 de
472 925 536 955 more
544 908 662 963 bidentes,

79 976 178 1036 Totque
190 975 248 1033 sues,
260 975 362 1023 totidem
371 975 490 1036 nigrantes
501 986 565 1034 terga
574 972 684 1036 juvencos
695 985 701 1018 ε

80 1041 189 1102 Vinaque
200 1044 314 1090 fundebat
324 1043 420 1102 pateris,
434 1043 585 1102 animamque
596 1041 695 1086 vombat

80 1109 200 1156 Anchisae
211 1108 298 1169 magni,
310 1109 439 1168 Manesque
447 1107 586 1155 Acheronte
597 1101 707 1152 remissos.

79 1178 131 1223 Nec
142 1192 189 1223 non
200 1185 221 1224 et
233 1171 294 1232 socii,
308 1189 367 1234 quae
379 1174 463 1233 cuique
474 1171 507 1219 est
517 1173 593 1232 copia,
606 1170 661 1219 laeti

78 1241 151 1290 Dona
162 1243 252 1298 seruum
270 1248 417 1299 onerantque
426 1255 485 1296 aras,
496 1239 649 1296 maerentque
656 1238 776 1298 juvencos.

79 1309 168 1356 Ordine
179 1306 254 1353 ahena
267 1301 405 1368 locantlaiii,
419 1303 508 1366 fusique
520 1319 561 1364 per
573 1301 669 1350 herbam

79 1373 211 1435 Subjieiunt
223 1373 321 1419 verubus
333 1387 428 1431 prunas,
442 1379 464 1418 et
477 1369 561 1416 viscera
574 1377 673 1416 torrent.

109 1438 251 1498 Exspatiata
262 1438 310 1485 dies
320 1439 410 1497 aderat,
423 1451 509 1484 nouam
514 1452 559 1496 que
569 1429 646 1483 serena

76 1510 196 1554 Auroram
210 1504 367 1554 Phaethontis
377 1505 431 1565 equi
441 1505 490 1566 jam
503 1500 553 1549 iuce
564 1501 695 1560 vehebant3

77 1577 196 1635 Famaque
209 1571 323 1621 finitimos
335 1581 359 1620 et
371 1569 427 1619 clari
439 1585 526 1618 nornen
539 1567 638 1616 Acestae

76 1641 195 1690 Excierat.
214 1642 292 1688 Laeto
304 1636 452 1699 compidrant
463 1635 534 1686 litora
545 1647 623 1693 coetu,
643 1659 647 1665 ·

75 1708 150 1756 visuri
164 1709 297 1764 Aeneadas,
311 1721 364 1766 pars
376 1715 400 1752 et
412 1714 499 1752 certare
510 1702 594 1762 parati.

75 1778 176 1823 Munera
189 1773 305 1834 principio
317 1780 373 1818 ante
384 1768 472 1827 oculos,
485 1769 591 1827 circoque
604 1765 712 1814 locantur

76 1845 103 1890 ln
118 1841 204 1896 medio,
218 1839 273 1886 sacri
285 1838 397 1897 tripodes,
410 1835 538 1896 viridesque
550 1848 657 1897 coronae,

75 1911 108 1956 Et
120 1905 220 1968 palmae,
233 1904 334 1963 pretium
347 1901 484 1958 vilioribus;
505 1914 626 1958 armaque,
639 1907 663 1945 et
675 1895 738 1943 ostro

76 1974 183 2023 Perfusae
194 1969 275 2028 restes,
288 1967 377 2030 argenti
389 1967 486 2028 aurique
498 1964 602 2014 talenta:

75 2044 108 2090 Et
119 2043 177 2088 tuba
188 2033 321 2088 commiss'os
332 2034 408 2082 medio
421 2035 485 2081 canit
497 2049 578 2093 aggere
591 2029 664 2077 ludos.

108 2108 188 2156 Prima
200 2121 267 2168 pares
276 2105 356 2150 ineunt
369 2101 477 2162 gravibus
488 2099 616 2146 certamina
629 2095 698 2144 restris

75 2175 193 2238 Qratuor,
206 2189 235 2220 ex
245 2170 311 2218 omni
323 2167 423 2218 deletiae
435 2163 510 2224 classe,
524 2165 621 2214 tarinae.

73 2239 182 2286 Velocem
196 2237 333 2286 Mnestheus
345 2235 393 2296 agit
406 2233 452 2282 acri
464 2231 550 2294 remige
563 2229 656 2288 Prissin,

73 2309 134 2350 Mox
149 2301 219 2352 italus
229 2302 373 2359 Mnestheus,
388 2316 459 2362 genus
471 2299 484 2350 a
497 2315 544 2362 quo
556 2297 651 2344 nomine
662 2292 766 2341 Memmi
776 2309 788 2342 :-

72 2371 243 2430 ingentemque
256 2373 321 2431 Gyas
332 2367 422 2428 ingenti
435 2363 496 2414 mole
507 2365 665 2420 Chimaeram,

71 2434 144 2480 Urbis
155 2450 229 2494 opus:
249 2433 336 2496 triplici
348 2437 421 2496 pubes
433 2449 504 2495 quam
514 2433 626 2480 Dardana
638 2427 703 2476 versu

70 2496 213 2556 Impelhmt;
233 2509 302 2548 terno
313 2501 455 2561 consurgunt
467 2501 551 2548 ordine
560 2497 625 2546 remi.

69 2561 237 2621 Sergestusque,
250 2567 335 2615 donrus
344 2577 408 2616 tenet
422 2567 436 2614 ὲ
448 2583 496 2628 quo
508 2567 584 2626 Sergia
597 2581 694 2621 nornen,

69 2627 188 2672 Centauro
200 2628 319 2678 invehitur
330 2649 430 2692 magum
451 2631 575 2694 Scyllaque
587 2629 721 2680 Cloanthus

69 2689 187 2751 Cffluiess,
201 2707 273 2753 senus
283 2699 347 2747 unde
357 2699 412 2761 tibi,
427 2701 536 2750 Romane
548 2697 652 2750 Clumti.

5 2809 89 2866 N
