1780 2888
188 45 567 120 'oEoRG.LIB.N.
620 75 673 128 274
776 70 808 127 79
888 105 889 114 ,

91 169 229 233 Postquam
241 169 274 217 est
283 169 306 217 in
315 168 415 217 thalami
427 167 557 229 pendentia
569 166 662 227 pumice
670 166 731 214 utu

54 243 219 295 Perventum,
232 247 255 285 et
267 237 318 285 nati
331 237 397 283 fletus
409 235 520 294 cognovit
533 235 614 280 inanes

55 313 171 368 Cyrene;
191 304 300 352 manibus
311 301 414 364 liquidos
425 305 482 350 dant
495 301 580 348 ordine
589 304 670 350 fontes

55 380 211 429 Germanae,
223 369 343 431 tonfilque
354 373 433 416 femur
445 369 553 417 mantilia
563 365 633 415 uillis.

56 444 117 488 Pars
130 437 211 500 epulis
221 449 322 485 onerant
332 437 431 490 mensas,
443 446 467 483 et
477 435 545 502 plena
556 441 681 496 reponunt

58 504 163 554 Pocula.
184 504 316 551 Panchaeis
324 501 464 550 'adolescunt
475 503 565 562 ignibus
576 519 638 550 arae.

56 575 92 620 tt
103 582 195 627 mater,
206 574 271 630 Cape
284 569 391 618 Maeonii
402 567 515 628 carchesia
526 569 617 629 Bacchi,

60 645 164 686 Oceano
176 635 286 693 libemus,
299 638 342 686 ait.
361 635 438 684 Simul
449 637 498 695 ipla
508 645 614 696 precatur

58 711 239 764 Oceanumque
251 714 342 763 patrem
354 719 440 760 rerum,
455 701 624 764 Nymphasque
635 703 734 762 hrores,

62 777 172 821 Centum
187 786 249 830 quae
261 769 336 828 silvas,
349 780 445 818 centum
457 785 518 830 quae
527 770 624 818 flumina
635 771 734 820 leuant.

62 841 111 887 Ter
120 837 217 900 liquido
228 839 351 886 ardentem
362 838 467 898 perfudit
477 839 569 884 nectare
579 836 682 896 Vestam

64 906 113 954 Ter
126 907 227 954 flamma
239 907 270 952 ad
281 906 401 952 summum
409 904 466 952 teni
475 905 575 965 lubJetla
587 903 681 953 reluxit.

64 975 156 1021 Omine
167 987 217 1033 quo
231 971 330 1020 firmans
341 972 458 1026 animum,
471 968 501 1016 src
513 969 596 1029 incipit
605 971 668 1030 ipsa:

1 1083 2 1086 ,
96 1038 151 1097 Est,
164 1039 191 1086 in
204 1037 338 1098 Carpathio
347 1036 454 1098 Neptuni
465 1035 566 1098 gurgite,
579 1047 654 1094 rates,

65 1103 195 1155 Cderuleus
207 1107 314 1161 Proteus,
328 1118 441 1166 magnum
454 1104 496 1164 qui
507 1103 608 1165 piteibus
620 1119 708 1166 aequor

1 1222 2 1234 ,
65 1174 98 1222 Et
108 1173 197 1236 juncto
206 1173 316 1233 bipedum
326 1187 393 1220 curru
402 1173 502 1220 metitur
512 1187 637 1233 equorum.

1 1243 2 1250 ’
68 1242 114 1288 llic
127 1253 194 1288 nunc
206 1239 332 1288 Emathiae
344 1251 427 1301 portus
439 1239 588 1302 patriamque
600 1237 678 1289 rerilit

1 1319 2 1328 ¹
66 1305 198 1354 Pallenen:
217 1306 281 1355 hune
293 1317 318 1355 et
331 1307 459 1369 Nymphae
470 1321 618 1366 veneramur,
631 1319 656 1356 et
668 1307 716 1368 ipse

67 1375 223 1422 canamus
233 1378 336 1431 Nereusr
355 1375 423 1422 novit
435 1375 631 1436 namqueomnta
643 1385 719 1433 vates,

71 1443 139 1505 (Quae
150 1438 207 1499 fint,
220 1456 282 1502 quae
294 1441 391 1497 tuerint,
404 1457 464 1502 quae
477 1457 535 1489 mox
547 1451 645 1490 ventura
656 1442 795 1492 trahantur.

70 1508 165 1572 Qippe
177 1507 214 1553 ita
222 1511 338 1565 Neptuno
350 1507 422 1552 risum
435 1505 480 1564 estg
500 1505 616 1552 immania
629 1509 694 1566 cujus

68 1575 204 1626 Armenta,
217 1578 243 1616 et
253 1571 336 1628 turpes
346 1571 418 1628 palcit
431 1573 471 1616 snb
484 1571 574 1628 gurgite
586 1571 682 1630 phocas.

1 1677 2 1681 ,
68 1642 111 1690 llic
124 1639 185 1694 tibi,
200 1645 266 1692 uate,
279 1634 344 1695 prius
356 1633 438 1682 vinclis
449 1636 585 1694 capiendus,
596 1649 625 1682 ut
637 1652 734 1684 omnem

70 1705 193 1768 Erpediat
205 1702 286 1750 morbi
298 1697 407 1759 caussam,
421 1702 562 1762 eventusque
573 1701 689 1751 secundet.

72 1774 132 1821 Nam
145 1772 195 1820 line
207 1770 230 1818 ri
244 1785 294 1818 non
307 1767 355 1816 ulla
366 1771 435 1820 dabit
444 1779 578 1832 praerepta,
592 1787 670 1832 neque
680 1767 748 1824 illum

74 1842 165 1888 Orando
178 1839 269 1886 flectes:
290 1837 343 1889 rim
351 1839 433 1887 duram
446 1847 470 1886 et
483 1837 575 1887 vincula
587 1850 659 1900 capto
717 1861 721 1868 ·

72 1905 166 1954 Tende:
185 1903 235 1954 doli
247 1906 335 1954 circum
347 1905 404 1956 haec
415 1909 512 1955 demum
526 1911 666 1968 frangentur
676 1910 767 1960 inanes.

74 1972 127 2032 lpsa
138 1989 177 2034 ego
188 1981 224 2030 te,
237 1973 327 2022 medior
337 1975 392 2022 eum
404 1974 446 2022 Sol
456 1977 588 2023 accenderit
601 1977 696 2035 aestuas

73 2040 136 2086 Ciam
147 2039 230 2089 sitiunt
242 2040 373 2106 herbae,et
383 2043 461 2102 pecori
471 2043 521 2102 jam
534 2043 622 2100 gratior
631 2045 717 2089 umbra
727 2041 770 2101 dl,
793 2059 797 2066 ¹

71 2103 99 2154 ln
113 2105 198 2156 secreta
209 2106 270 2156 senis
281 2110 376 2164 duram,
389 2123 438 2167 quo
451 2104 519 2153 fellus
531 2108 642 2152 abundis

74 2175 103 2221 Se
113 2175 209 2236 recipit;
229 2173 299 2221 facile
310 2183 338 2221 ut
350 2174 433 2221 somno
444 2173 576 2233 aggrediare
586 2172 715 2235 jacentem.

72 2240 159 2288 Verum
170 2240 212 2288 ubi
223 2250 358 2300 correptum
372 2242 481 2288 manibus
490 2239 619 2301 vinclisque
630 2239 738 2300 tenebis3

70 2309 135 2355 Tum
148 2308 225 2355 variae
237 2305 333 2355 eludent
347 2307 439 2367 speeies,
452 2319 525 2370 atque
536 2325 577 2356 ora
587 2310 698 2356 ferarum.

1 2403 2 2414 i
75 2373 125 2423 Fiet
137 2375 203 2421 enim
217 2373 294 2420 subito
306 2373 342 2420 sus
353 2373 471 2432 horridus,
483 2385 583 2433 atraque
594 2375 670 2435 tigris,

76 2438 264 2502 squamosusque
275 2441 355 2497 draeq
368 2450 391 2488 et
404 2440 469 2488 fulva
480 2440 569 2487 cervice
580 2439 673 2490 leaena:

76 2510 126 2555 Aut
139 2520 219 2554 acrem
234 2506 342 2552 flammae
351 2505 453 2554 sonitum
467 2505 543 2562 dabit,
555 2516 626 2567 atque
639 2511 672 2555 ita
684 2508 771 2555 vinclis

81 2573 195 2628 Excidet3
215 2579 257 2618 aut
270 2571 294 2616 in
306 2585 378 2630 aquas
388 2582 472 2620 tenues
484 2568 585 2631 dilapsus
595 2574 680 2620 abibit.

82 2641 125 2686 Sed
137 2647 232 2698 quanto
243 2633 284 2683 ille
296 2637 369 2696 tnagis
380 2642 470 2685 formas
482 2636 503 2682 se
514 2647 589 2684 vertet
601 2638 626 2696 in
638 2649 733 2692 omnes,

79 2703 173 2780 Tanto,
185 2713 252 2766 nate,
264 2701 339 2770 nagia
350 2701 469 2757 cuntude
476 2702 572 2755 tenacia
582 2700 674 2757 undar
686 2730 688 2740 ·
