1806 2912
85 55 136 110 ³04
185 47 634 99 unanimantem.
683 45 743 109 ⁴³8·

8 144 19 168 *
84 151 129 200 luo
139 150 228 200 animis
238 160 337 210 contra3
356 148 392 200 ael
403 163 516 210 magnum
527 147 629 210 praestet
636 149 776 212 Adrillemg

8 265 10 272 .
84 215 202 279 Faslaque
211 215 312 266 Vulcani
323 215 431 266 manibus
441 215 507 275 paria
517 215 602 266 induat
611 233 678 266 arma

83 281 126 332 Ille
138 281 201 332 licet.
221 285 294 332 Vobis
304 284 407 331 numnam
419 281 482 330 hanc
492 281 618 345 soceroque
627 284 721 333 Latino

83 349 182 400 Turnus
193 365 244 412 ego,
256 349 319 397 haud
328 346 371 396 ulli
379 355 486 397 vetemm
495 348 583 398 virture
593 337 718 412 secunclus,

83 418 185 468 Dmovi.
204 415 283 467 Solum
292 419 388 464 Aeneas
399 414 485 464 vocat?
504 425 528 464 et
540 425 617 476 vocet,
628 433 681 466 oro.

84 488 137 534 Nec
146 487 250 536 Drances
260 481 349 543 potius,
361 480 408 530 five
419 481 453 530 esi
461 483 520 548 haec
527 481 561 530 ira
570 485 689 544 Deorum,

83 553 165 607 Morte
175 549 236 607 luat3
255 547 302 597 fine
312 548 346 597 est
358 549 442 609 virtus,
454 557 478 600 et
487 547 569 610 gloria,
582 547 664 600 tollat.

117 615 154 668 nli
165 617 222 664 haec
232 616 296 670 inter
306 616 328 664 se
337 615 415 668 dubiis
424 618 453 664 de
462 618 529 666 rebus
537 619 641 678 agebant

83 687 219 734 Certantes:
239 681 314 732 castra
323 687 419 734 Aeneas
430 684 551 746 aciemque
560 685 682 734 movebat.

83 751 189 800 Nuntius
197 751 290 812 ingenti
301 767 345 812 per
352 751 416 812 regia
426 753 488 800 testa
499 749 607 799 tumultu

82 820 143 867 Ecce
155 818 212 878 ruit,
225 817 363 881 magnisque
371 822 453 870 urbem
462 818 592 868 terroribus
600 815 702 880 implete

83 883 210 934 instructos
220 885 393 934 acieTiberino
405 885 419 934 a
430 883 527 935 flumine
537 885 652 945 Teucros,
665 909 669 914 =

8 951 9 956 ’
57 1003 58 1010 ¹
81 951 284 1014 Tyrrhenamque
292 969 389 1002 manum
399 953 458 1002 totis
466 953 603 1002 descendere
613 953 708 1015 campis.

82 1017 217 1082 Extemplo
228 1021 319 1070 turbati
327 1017 410 1079 animi,
423 1017 578 1082 concussaque
587 1019 658 1082 vulgi¹

84 1087 194 1147 Petlona,
207 1098 231 1137 et
243 1091 344 1136 arrectae
351 1085 452 1136 stimulis
461 1088 526 1136 hand
533 1085 644 1136 mollibus
655 1087 709 1136 irae

82 1156 164 1203 Arma
176 1171 249 1204 manu
260 1155 347 1216 trepidi
357 1155 472 1215 poscunt:
493 1155 649 1220 fremitapma
657 1154 779 1218 jurentur.

85 1221 157 1270 Fient
166 1219 248 1269 moesti
259 1219 410 1282 mussantque
419 1232 507 1283 patres.
526 1223 574 1270 Hic
582 1223 686 1284 undique
697 1220 790 1274 clamor

43 1301 45 1304 ’
85 1283 195 1338 Dissensu
204 1289 270 1336 uario
281 1303 380 1348 magnus
390 1287 412 1336 se
423 1286 490 1337 tollit
501 1288 526 1336 in
539 1305 616 1338 auras.
661 1314 671 1322 ,

85 1357 159 1405 Hand
169 1355 240 1414 secus,
252 1364 325 1416 atque
335 1353 388 1406 alto'
396 1355 422 1403 in
432 1353 486 1404 luco
498 1356 558 1416 ciam
566 1359 628 1405 forte
638 1363 744 1404 catervae
813 1389 816 1394 -

87 1421 219 1471 Consedere
228 1422 317 1482 avium,
329 1421 445 1484 piscosove
454 1439 525 1472 amne
534 1423 637 1471 Padusae

87 1492 159 1539 Dant
170 1489 274 1540 sonitum
282 1489 349 1550 'rauci
356 1506 398 1551 per
407 1488 487 1551 stagna
495 1488 602 1552 loquacia
611 1489 688 1550 cycni.

88 1559 151 1616 imo,
164 1557 208 1616 ait,
220 1554 237 1606 u
247 1557 316 1617 cives,
328 1566 423 1618 arrepto
432 1567 548 1620 tempore,
559 1557 665 1614 turnus,

87 1624 174 1686 Cogite
186 1623 321 1682 concilium,
334 1630 359 1672 et
370 1639 451 1685 pacem
464 1624 559 1674 laudate
569 1622 690 1670 sedentes:
740 1680 743 1696 1

87 1689 128 1744 llli
136 1691 209 1740 armis
220 1691 245 1738 in
254 1707 324 1752 regna
335 1701 416 1741 ruunt.
435 1694 486 1740 Nec
497 1689 565 1750 plura
575 1687 676 1750 locutus,

89 1758 211 1820 Corripuit
223 1758 276 1816 sese,
289 1765 313 1805 et
323 1758 392 1805 testis
402 1758 461 1818 citus
472 1755 559 1806 extulit
570 1755 633 1805 altis.

87 1827 138 1882 Tu,
152 1823 243 1882 Voluse,
256 1823 342 1872 armari
351 1823 487 1871 Volscorum
499 1823 563 1870 edice'
574 1820 701 1882 maniplis;

87 1892 153 1949 Duc,
165 1891 208 1950 ait,
221 1899 246 1938 et
254 1886 369 1936 Rutulos:
388 1889 494 1948 equitem
506 1885 627 1948 Messapus
636 1888 759 1950 inarmis,

88 1960 123 2008 Et
134 1973 189 2006 cum
201 1959 273 2004 fratre
281 1957 355 2004 Corae
366 1952 421 2018 latis
428 1949 556 2004 tliffimdite
567 1955 667 2016 campis.

91 2028 150 2076 Para
159 2025 236 2075 aditus
247 2023 311 2072 urbia
322 2022 427 2082 firment,
438 2021 561 2083 turresque
572 2019 709 2084 capessant:

91 2097 202 2156 Caetera,
212 2108 260 2155 qua
268 2087 337 2156 julio,
350 2106 443 2139 mecum
455 2105 542 2138 manua
552 2091 638 2140 inserat
647 2104 722 2138 uma.

92 2159 159 2210 Ilicet
171 2161 197 2208 ln
208 2176 288 2208 muros
296 2155 351 2209 tort
359 2157 496 2214 discurritur
503 2157 568 2204 urbe.
587 2181 590 2188 =
612 2218 615 2220 -

55 2247 58 2252 ’
91 2225 228 2276 Concilium
239 2227 288 2288 ipse
295 2235 363 2288 pater
373 2234 396 2274 et
406 2239 493 2286 magna
502 2223 596 2285 incepta
603 2223 706 2272 Latinus

12 2339 15 2348 ,
87 2293 194 2353 Deserit,
207 2309 234 2342 ac
245 2293 306 2342 tristi
317 2295 427 2342 turbatus
437 2302 546 2353 tempore
557 2287 649 2340 disserta

90 2358 221 2420 Multaque
232 2360 255 2407 sc
265 2359 366 2419 incusat,
379 2360 421 2424 qui
430 2375 479 2408 non
487 2357 601 2419 acceperit
609 2354 674 2406 nltm
704 2377 706 2387 =
792 2391 795 2394 -

89 2423 240 2472 Dardanium
250 2430 360 2485 Aenean,
373 2441 533 2488 generumque
544 2423 648 2474 asciverit
656 2422 716 2474 urbi.

88 2487 246 2554 Praefodiunt
255 2491 296 2540 alii
308 2503 399 2553 portas,
412 2503 454 2542 ant
466 2492 521 2540 saxa
532 2491 641 2552 sudesque

89 2552 248 2628 Subvcstnnt:
268 2555 331 2606 bello
341 2561 385 2606 dat
394 2557 487 2620 signum
499 2575 568 2608 rauca
578 2567 703 2608 cruentum

88 2613 198 2664 Buccrna.
217 2622 289 2670 Tunc
299 2639 380 2672 muros
389 2625 454 2672 varia
463 2626 558 2676 cinxere
567 2641 655 2675 corona

86 2676 216 2766 iliatmnac
225 2687 355 2750 puerique:
375 2702 446 2740 vocat
456 2689 524 2742 labor
535 2691 635 2744 ultimus
645 2700 735 2760 omues.

8 2809 101 2860 κ
