1806 2912
154 81 603 150 nunninos'nlntx.
656 99 712 151 123.
764 99 812 152 251
866 25 880 69 χ

82 167 423 260 ObstupuereanirnisRutuiir
442 191 585 240 conterritus
595 187 645 251 ipse

83 269 199 316 Turbatus
205 261 325 322 Messipus
334 259 413 320 equis:
433 260 556 306 cunctatur
563 267 588 306 et
597 256 675 305 amnis

82 337 158 382 Rauca
170 331 263 386 sonans,
275 335 417 386 revocatque
426 327 510 385 pedern
518 325 647 375 Tiberinus
658 325 687 372 ab
697 320 755 373 alto.

113 402 150 450 At
160 404 207 445 non
216 395 297 443 audaci
309 391 374 441 cessit
385 389 469 439 fiducia
475 395 574 440 Turno:

83 463 152 514 Ultro
160 467 251 514 animos
258 458 325 508 tollit
335 457 412 517 dictis,
423 468 495 518 atque
506 458 616 519 increpat'
624 454 704 507 ultro:

82 531 194 592 Troianos
205 528 263 576 haec
272 523 376 573 monstra
385 535 484 585 petunt3
503 525 540 571 his
548 526 641 588 Jupiter
650 523 699 585 ipse

85 595 204 648 Auxilium
214 591 415 652 soiitnm'eripuit3
435 607 485 638 non
493 589 550 649 teia,
560 608 602 638 nec
611 593 677 652 ignes

83 664 222 725 Exspectant
232 657 343 708 Rutulos.
362 661 425 720 Ergo
434 657 508 706 maria
519 658 696 718 inviaTeucris,

82 733 131 779 Nec
140 730 190 790 spes
201 725 248 774 utta
256 729 339 788 fugae:
358 741 434 773 rerum
443 741 498 786 pars
506 722 579 772 altera
590 725 685 784 ademta
693 722 740 773 est:
796 763 800 771 ,

81 798 156 846 Terra
166 804 244 842 autem
252 793 277 840 in
286 793 394 840 manibus
405 789 502 839 nostris:
522 800 560 839 tot
569 789 644 838 miliia
651 801 733 853 genter

82 865 161 911 Arma
172 863 250 908 serunt
260 858 337 909 italae.
357 857 403 912 Nil*
411 872 449 906 me
461 855 543 907 fatalia
555 867 653 917 terrent,

82 927 108 977 si
115 943 161 990 qua
169 927 273 990 Phryges
279 943 336 988 prae
347 925 369 976 se
377 926 478 987 jadiant,
488 924 595 985 responsa
602 925 718 972 Deorum.

81 998 122 1044 Sat
133 995 189 1042 satis
196 995 327 1053 Venerique
335 994 428 1049 datum,
439 991 537 1052 tetigdre
546 991 612 1052 quod
621 1007 677 1039 arva

83 1057 393 1120 FertiiisAusoniaeTro'c‘u
412 1061 572 1108 Suntetmea
585 1053 669 1106 contri
728 1097 737 1107 ,,
798 1105 818 1132 1,

83 1129 143 1177 Fata
152 1127 219 1185 mihi,
231 1129 294 1175 ferro
304 1122 437 1175 sceleratam
447 1125 579 1174 exscindere
591 1134 697 1186 gentem,
727 1173 735 1187 ἱ

83 1193 188 1254 Conjnge
196 1202 332 1254 praerepta:
351 1209 395 1241 nec
403 1190 464 1240 solos
471 1191 549 1254 tangit
558 1190 660 1242 Atridas

19 1267 20 1282 ¹
82 1257 127 1308 Iste
136 1258 210 1317 dolor,
222 1258 319 1321 solisque
327 1259 382 1310 licet
391 1276 472 1321 capere
481 1275 547 1307 arma
556 1259 673 1320 Mycenis.

81 1327 127 1376 Sed
138 1322 226 1387 periisse
235 1323 304 1374 semei
313 1327 368 1376 satis
377 1325 423 1374 esi:
441 1342 537 1390 peccare
547 1322 625 1374 fuisset

82 1397 151 1442 Ante
163 1393 231 1451 satis3
251 1391 345 1452 penitus
355 1393 426 1440 modo
434 1409 482 1454 non
491 1407 563 1452 genus
570 1407 642 1440 omne
650 1388 741 1458 perosut

81 1458 230 1508 Femineum.
249 1457 407 1520 Quibus'haec
419 1457 490 1503 medii
500 1455 584 1506 fiducia
592 1456 658 1517 vaiii,

79 1519 250 1582 Fossarumque
260 1535 348 1577 morae,
357 1520 416 1568 iethi
425 1521 559 1568 discrimina
568 1538 649 1581 parva,

80 1593 152 1640 Dant
162 1589 269 1646 animos3
289 1601 320 1633 an
333 1601 381 1633 non
393 1586 503 1634 viderunt
512 1587 604 1635 moenia
612 1587 700 1651 Troiae

80 1656 191 1717 Neptuni
200 1653 316 1702 fabricata
323 1667 396 1700 manu
405 1651 522 1700 confidere
529 1653 556 1698 in
566 1652 645 1716 ignes?
689 1647 690 1652 ¹

80 1725 128 1772 Sed
137 1737 187 1781 vos,
198 1718 285 1778 diecti,
296 1721 358 1768 ferro
369 1719 410 1782 qui
419 1719 521 1770 scindere
528 1717 616 1768 vallum

79 1794 203 1850 Apparet,
215 1797 239 1836 et
250 1801 341 1834 mecum
352 1786 444 1835 invadit
452 1787 596 1848 trepidantia
605 1783 693 1838 casira!

78 1859 139 1904 Non
147 1855 220 1903 armis
230 1853 289 1902 mihi
299 1851 407 1912 Vulcani,
419 1869 468 1902 non
480 1851 545 1902 miiie
554 1855 639 1904 carinis

78 1919 123 1971 Est
130 1938 190 1982 opus
199 1921 224 1968 in
232 1923 345 1970 Teucros.
363 1921 465 1970 Addunt
475 1921 497 1970 se
506 1921 615 1981 protinus
624 1936 707 1972 omnes

79 1988 175 2036 Etrusci
184 1987 271 2034 socios:
290 1989 398 2035 tenebras
409 1997 432 2034 et
442 1989 528 2036 inertia
538 1992 603 2036 turta

80 2053 194 2110 Palladii,
206 2050 275 2100 caesis
285 2053 389 2099 summae
398 2053 531 2102 custodibus
541 2054 609 2110 arcis,
637 2055 639 2060 '

80 2123 122 2168 Ne
133 2120 250 2177 timeant;
270 2134 313 2166 nec
321 2118 376 2180 equi
385 2133 452 2166 caeca
461 2119 623 2168 condemurin
631 2117 699 2172 alvo:
780 2155 784 2164 ,

78 2189 150 2236 Luce
160 2183 238 2245 palam
248 2194 339 2232 certum
350 2181 382 2230 esi
391 2183 440 2244 igni
447 2183 591 2234 cirurmdare
598 2201 685 2234 muros.

79 2253 158 2302 Haud
165 2250 207 2299 fibi
216 2253 269 2300 edm
277 2253 372 2299 Danais
381 2266 439 2318 rem,
449 2253 515 2309 faxo,
528 2262 551 2299 et
560 2253 621 2310 pube
630 2248 725 2316 Pelasga

79 2314 137 2368 Effe
147 2327 242 2378 putent,
253 2318 371 2365 decimum
379 2333 440 2378 quor
451 2313 541 2375 distulit
553 2319 638 2368 Hector
647 2320 671 2368 in
681 2336 779 2370 annum.

78 2384 156 2434 inme
167 2385 233 2443 adeo,
247 2382 331 2431 melior
339 2382 452 2444 quonium
462 2399 515 2443 pars
523 2385 574 2432 asia
585 2385 640 2444 dici,

78 2451 158 2514 Qud
170 2449 276 2512 superest,
287 2449 343 2499 laeti
352 2451 411 2497 bene
420 2449 488 2511 gestis
500 2467 597 2512 corpora
608 2455 678 2502 rebus
695 2485 702 2492 «

76 2519 222 2572 Prummu,
235 2516 287 2574 viri,
299 2527 324 2566 et
336 2534 438 2577 pugnarn
452 2519 541 2577 sperate
551 2519 636 2578 parati.

80 2585 180 2632 Interea
192 2581 286 2642 vigilum
297 2584 400 2648 excubiis
411 2583 514 2640 obsidere
522 2595 603 2644 portas
690 2581 693 2588 ’

78 2651 150 2698 Cura
160 2650 230 2696 datur
238 2645 352 2708 Messapo,
361 2659 385 2698 et
395 2652 487 2698 moenia
497 2652 587 2712 cingere
596 2650 706 2704 flammis.

79 2715 125 2764 nie
133 2713 226 2776 septeni
235 2713 329 2776 Rutuli,
342 2731 421 2766 muros
431 2717 557 2780 qui'nriiite
568 2717 669 2777 servent,
706 2745 709 2750 ·

758 2810 760 2816 ’
821 2803 884 2886 l
