1806 2912
75 56 125 108 κιο
178 37 551 122 sumusnostra
581 61 612 106 x.
664 65 723 118 nr.

72 154 114 200 Da
125 167 197 210 nune,
206 153 286 214 Tybri
298 164 375 213 pater,
387 155 455 207 ferro,
467 151 531 209 quod
540 150 622 198 miffiie
633 151 704 213 huto,

74 219 205 268 Fortunam
218 225 291 279 atque
301 217 364 264 riam
376 215 426 263 duri
436 231 478 274 per
490 218 569 276 pestus
578 217 679 266 Halaesi.

75 287 142 336 Hace
150 300 213 333 arma
225 283 363 341 exuviasqrn
372 281 413 328 viri
423 292 463 328 tua
473 297 571 341 quercus
578 283 684 333 habebit.

77 352 164 400 Audiit
175 349 213 398 illa
222 351 292 406 Deus,
303 349 361 394 durn
372 348 434 395 texit
445 345 667 410 tmaona'flaiaesus,
706 365 708 372 ’

78 419 181 467 Arcadio
193 413 271 464 infelix
282 411 332 460 telo
343 412 385 460 dat
397 415 476 474 petius
488 414 613 462 inermum.

76 489 114 532 At
123 501 170 534 non
179 482 243 530 caede
254 478 295 524 riri
304 488 375 527 tanta
386 481 509 540 perterrita
517 481 614 539 Lausus,

77 553 133 598 Pars
142 551 219 608 ingens
226 539 289 600 iieili,
299 543 355 594 finit
364 547 473 606 agmina:
492 547 583 607 primus
591 549 717 598 Abantem

75 614 211 678 oppqsrtum
224 611 350 669 interimit,
363 627 455 674 pugnae
464 615 601 675 nodumque
612 630 761 677 moramque.

74 681 189 730 sternitur
198 677 315 732 Arcadiae
327 677 414 738 proles,
428 678 560 732 sternuntur
570 681 677 740 Etrusci3
720 687 723 695 '

73 749 105 794 Et
114 761 163 801 vos,
176 739 191 791 d
201 744 280 792 Graiis
291 745 418 806 imperdita
432 763 538 809 corpora,
548 747 644 796 Teucri.

71 811 178 871 Agmina
188 821 342 870 concurrunt,
355 813 497 875 ducibusque
506 823 532 862 et
543 813 631 861 viribus
639 811 728 876 aequis.
777 829 780 842 ·

71 879 182 925 Extremi
193 879 322 926 addensent
333 879 406 928 acies:
428 897 469 928 nec
481 883 550 928 turba
562 881 651 930 moveri

69 943 131 991 Teia
141 945 270 1007 manusque
280 945 341 1004 finit.
361 947 424 994 Hinc
434 945 510 994 Pallas
521 945 602 1006 instat,
614 959 639 996 et
649 956 728 1007 urget3

71 1011 137 1074 Ripc
149 1022 234 1060 contra
243 1013 340 1070 Lausus,
356 1014 410 1076 (nec
418 1012 521 1061 multum
531 1013 645 1074 discrepat
654 1013 731 1074 aetas)

71 1078 167 1138 Egregii
179 1081 281 1136 sormae;
301 1079 339 1126 sed
348 1081 414 1139 queis
426 1081 521 1128 fortuna
532 1077 629 1139 negirat

72 1144 101 1194 ln
112 1147 213 1205 patriam
225 1145 320 1193 reditus.
340 1144 403 1203 Ipsos
415 1160 549 1192 concurrere
558 1141 634 1204 passus

71 1211 146 1260 Haud
153 1222 232 1260 tamen
242 1211 305 1258 inter
315 1209 337 1256 se
346 1210 425 1268 magni
437 1219 547 1268 regnator
555 1205 654 1290 Olympi
661 1207 672 1257 τ’

63 1279 135 1341 ΙΜοκ
147 1277 199 1324 illos
207 1277 245 1322 sua
255 1277 304 1322 sata
315 1275 511 1334 manentrmajore
520 1271 561 1320 sub
570 1271 646 1320 hoste.

108 1346 197 1390 Interea
207 1341 270 1388 soror
280 1339 343 1388 alma
352 1349 433 1389 monet
442 1339 570 1388 succurrere
578 1339 656 1387 Lauso

71 1409 195 1466 Turnum3
216 1405 257 1468 qui
268 1405 357 1454 volucri
367 1407 549 1484 currumedium
559 1406 620 1454 secat
631 1421 726 1467 agmen.

75 1479 111 1526 Ut
123 1475 183 1524 vidit
195 1474 282 1522 sociost
299 1476 407 1534 Tempus
417 1471 521 1522 desisiere
530 1487 631 1534 pugnae.

75 1542 144 1592 Solus
152 1559 195 1604 ego
204 1543 228 1590 in
238 1537 347 1590 Pallanta
355 1543 428 1598 seror3
449 1537 492 1588 soii
502 1541 562 1588 mihi
572 1538 650 1588 Pallas

74 1611 197 1658 Debetur:
217 1624 325 1671 stuperem
336 1607 384 1668 ipse
393 1621 477 1668 parens
487 1605 601 1668 spesiator
612 1603 706 1655 adesset·

74 1679 141 1726 Haec
153 1676 198 1733 ait;
218 1685 243 1724 et
251 1673 305 1722 socii
314 1671 428 1740 cesserunt
437 1689 538 1736 aequore
547 1671 614 1735 junio.
759 1729 762 1736 Δ

74 1741 114 1790 At
124 1739 241 1790 Rutulum
251 1735 457 1802 abseessujuvenis‚
468 1750 521 1790 tum
529 1737 589 1800 jussa
597 1739 694 1799 superba

76 1809 188 1864 Miratus,
203 1805 278 1866 stupet
289 1807 313 1855 iu
326 1809 421 1863 Turn03
442 1805 570 1867 corpusque
581 1821 622 1864 per
633 1806 716 1865 ingens
737 1817 739 1824 ·

74 1875 179 1922 Lumina
192 1870 275 1931 volvit,
288 1871 385 1932 obitque
397 1872 459 1918 truci
470 1869 551 1930 procui
562 1872 645 1920 omnia
656 1871 712 1919 visu.

75 1937 176 1988 Taiibus
186 1946 210 1986 ct
222 1937 289 1985 dietis
300 1938 318 1985 it
331 1945 414 1984 contra
425 1937 487 1983 diua
498 1937 596 1997 tyranni
607 1953 613 1984 :
689 1931 701 1961 i

77 2010 131 2055 Aut
141 2003 219 2067 spoliis
227 2020 273 2064 ego
282 2005 331 2066 jam
343 2003 417 2063 raptis
429 1999 541 2050 laudabor
552 2004 649 2064 opimis,

77 2075 132 2122 Aut
143 2071 208 2122 letho
217 2065 308 2132 insigni.
328 2069 390 2118 Sorti
401 2079 468 2130 pater
479 2083 567 2130 aequus
578 2070 672 2131 utrique
683 2069 723 2118 est.

13 2149 18 2154 “
77 2139 149 2188 Tolle
161 2141 245 2188 minas.
269 2135 339 2186 Fatus
351 2136 454 2183 medium
466 2137 573 2196 procedit
584 2137 608 2182 in
619 2151 715 2196 aequor.
801 2159 806 2164 ·

78 2207 184 2266 Frigidus
199 2205 331 2252 Arcadibus
341 2203 388 2252 coit
400 2203 424 2250 iu
437 2203 571 2262 praecordia
582 2201 682 2262 sanguis.

77 2270 178 2319 Desiluit
187 2270 391 2332 Turnus-bijugis:
411 2271 482 2330 pedes
493 2277 591 2330 apparat
603 2269 635 2314 ire

77 2337 201 2384 Cominus.
222 2341 303 2397 thue
314 2333 359 2393 leo,
373 2333 528 2397 speculatum
540 2335 598 2384 vidit
609 2336 639 2381 ab
651 2331 700 2381 alta

77 2404 144 2447 Stare
155 2400 237 2460 procul
248 2403 337 2460 campis
350 2403 505 2450 meditantem
518 2401 541 2449 in
554 2399 640 2460 proclia
651 2409 759 2464 taurum,

76 2465 193 2514 Advolat.
212 2469 283 2514 Haud
294 2466 340 2514 alia
351 2467 384 2515 est
393 2469 470 2516 Turni
482 2467 594 2516 venientis
606 2465 693 2527 imago.

76 2530 147 2574 Hunc
158 2532 198 2576 ubi
207 2533 343 2592 contiguum
357 2532 436 2581 missae
448 2537 497 2582 fore
508 2534 606 2583 credidit
617 2533 705 2592 hastae,

76 2591 111 2662 lre
119 2593 187 2664 'prior
196 2596 282 2654 Pasias,
295 2598 311 2642 sr
324 2613 371 2657 qua
382 2601 431 2646 sors
443 2603 538 2661 adjuvet
549 2601 638 2658 ausum,

75 2653 167 2702 Vmbus
177 2657 306 2718 imparibus
311 2681 318 2720 ;
337 2677 500 2726 magnumque
509 2668 543 2715 itu
555 2669 585 2716 ad
595 2667 691 2724 aethera
703 2669 785 2718 satur:
