1818 2914
165 74 626 140 nummarium.
677 72 734 136 ⁶7⁶·
786 87 850 146 na¹
894 38 901 60 ¹

83 178 238 240 Linquentes
248 175 314 225 cursu
326 173 423 236 rapido:
442 173 486 223 dat
495 171 606 222 euntibus
616 172 700 233 ingens

85 243 160 306 Sylva
171 243 259 300 locum,
271 253 296 292 et
308 257 395 301 magno
407 241 494 290 cedunt
504 237 606 302 virgulta
615 242 717 303 fragore.

85 315 141 367 Nec
153 309 314 360 Praenestinae
325 310 440 357 fundator
450 308 527 357 defuit
538 307 602 356 urbis
612 325 619 366 ;

84 377 195 428 Vulcano
206 378 329 440 gemitum,
340 390 425 437 pecora
434 375 497 424 inter
509 371 605 436 agrestia
618 390 706 436 regem,

86 448 264 507 Inventumque
274 443 342 501 focis,
356 442 434 490 omnis
446 457 517 504 quem
530 437 627 490 credidit
640 451 714 502 aetas,

86 511 209 562 Caeculus.
229 515 301 560 Hunc
309 509 370 574 legio
379 508 427 558 late
436 509 564 557 comitatur
575 507 682 570 agrestis:
733 557 737 566 ,

88 579 186 644 Qique
197 577 274 628 altum
289 575 409 626 Praeneste
415 577 475 634 uiri,
488 576 575 637 quique
587 593 642 624 arva
654 575 763 626 Gabinae

86 645 200 710 Junouis‚
214 644 364 708 gelidumque
373 644 505 700 Anienem,
517 653 542 690 et
553 643 641 690 roseida
653 643 708 692 rivis

86 713 193 762 Hernica
205 712 260 758 saxa
271 709 365 768 colunt;
384 727 445 772 qnos
455 710 521 758 dives
531 709 645 772 Anagnia
656 710 738 773 pascis,

87 780 169 843 Qos,
183 777 300 826 Amasene
311 789 387 840 pater.
408 780 465 825 Non
476 774 523 824 illis
532 776 642 825 omnibus
652 787 727 836 arma,

86 849 144 895 Nec
153 841 240 906 clypei,
252 844 358 893 currusve
369 843 453 892 boant
466 859 472 892 ι
492 859 546 904 pars
558 844 664 894 maxima
674 843 771 907 glandes

84 912 199 960 Liuentis
209 910 300 972 plumbi
311 911 408 972 spargit,
422 927 476 972 pars
487 907 574 972 spicula
586 909 659 971 gestat

87 979 151 1028 Bina
162 995 245 1037 manu,
258 977 381 1039 fulvosque
393 976 443 1039 lupi
455 979 484 1024 de
495 975 556 1038 pelle
568 975 658 1038 galeros

85 1047 199 1105 Tegmen
209 1039 281 1095 babet
290 1045 378 1107 capiti:
398 1043 493 1112 vestigia
504 1045 568 1092 nuda
579 1042 663 1092 sinistri

86 1109 218 1163 Institulre
229 1115 306 1174 pedis;
326 1113 410 1160 crudus
421 1111 481 1172 tegit
493 1109 567 1159 altera
578 1127 643 1172 pero.

87 1182 131 1229 At
144 1175 262 1240 Messapus
273 1175 364 1242 equirm
375 1180 490 1238 domitor,
504 1179 627 1240 Neptunia
639 1177 725 1240 proles,

88 1246 173 1310 Qem
185 1262 261 1308 neque
272 1249 309 1296 sas
317 1247 367 1309 igni
378 1247 499 1308 cuiquam,
512 1262 555 1294 nee
567 1243 666 1294 sternere
677 1249 749 1308 ferro,

85 1311 239 1377 Jampridem
252 1312 334 1362 resrcles
344 1311 455 1377 populos,
468 1313 608 1374 desuetaque
619 1311 683 1362 bello

84 1379 200 1440 Agmina
211 1380 237 1427 in
245 1397 314 1428 arma
323 1391 393 1430 uocat
405 1381 492 1438 subito,
503 1382 639 1441 ferrumque
651 1382 770 1430 retrasiat.

85 1444 126 1495 Hi
140 1443 294 1492 Fescenninas
304 1445 373 1502 acies,
383 1445 516 1506 aequosque
528 1443 637 1506 Faliscos,

84 1510 127 1562 Hi
140 1509 242 1557 soranis
252 1509 341 1557 habent
354 1525 426 1568 arces,
439 1508 591 1570 Flaviniaque
602 1527 667 1572 arra,

83 1579 126 1628 Et
139 1575 230 1624 Cimini
242 1591 297 1624 cum
309 1585 392 1623 monte
403 1571 490 1635 lacurn,
503 1573 612 1638 lucosque
622 1581 739 1640 Capenos.

86 1643 166 1694 ibant
177 1642 274 1704 aequati
285 1657 393 1700 numero,
405 1657 530 1704 regemque
542 1645 672 1694 canebant:

86 1713 143 1760 Ceu
152 1711 276 1771 quondam
288 1709 349 1758 nivei
362 1709 451 1770 liquida
463 1711 525 1758 inter
536 1708 617 1758 nubila
626 1712 706 1776 tyeni,

89 1778 158 1825 Cbm
171 1777 215 1825 sese
227 1793 240 1824 e
251 1775 318 1838 pastu
330 1779 444 1836 referunt,
457 1786 481 1826 ct
492 1773 562 1838 longa
574 1794 673 1828 canoros

86 1843 162 1894 Dant
173 1860 217 1904 per
225 1841 285 1892 colla
294 1845 391 1904 modos;
411 1844 478 1894 sonat
487 1845 574 1905 amnis,
586 1857 611 1896 et
624 1846 682 1898 Aba
693 1845 764 1910 longe

89 1908 163 1959 Pulsa
175 1909 250 1971 palus.

87 1980 145 2027 Nec
157 1977 282 2038 quisquam
290 1988 379 2027 aeratas
388 1979 448 2028 acies
457 1996 487 2027 ex
496 1981 590 2042 agmine
600 1991 671 2031 tanto
732 1967 735 1996 ¹

88 2043 188 2092 Misceri
198 2053 279 2104 putet:
298 2045 385 2092 aeriam
396 2045 433 2093 sed
443 2046 532 2106 gurgite
544 2050 574 2094 ab
586 2046 637 2096 alto

89 2110 179 2170 Urgeri
190 2108 309 2158 volucrum
321 2127 442 2158 raucarum
455 2113 485 2158 ad
496 2111 567 2160 litora
578 2115 675 2161 nubem.
689 2111 692 2120 ⁴

90 2179 165 2235 Ecce,
178 2177 319 2225 Sabinorum
331 2176 406 2238 prisco
418 2179 447 2225 de
456 2178 575 2239 sanguine,
586 2195 700 2240 magnum

89 2248 192 2304 Agmen
204 2259 273 2305 agens
281 2241 387 2302 Clausus,
401 2244 528 2306 magnique
540 2245 587 2305 ipse
599 2247 699 2307 agminis
711 2247 795 2308 inllar3

89 2309 192 2358 Claudia
203 2327 267 2359 nunc
279 2309 294 2359 ai
305 2327 354 2372 quo
363 2308 504 2360 diffunditur
514 2321 538 2360 et
549 2315 625 2361 tribus
636 2324 660 2364 et
672 2333 729 2376 gens

89 2379 139 2426 Per
151 2377 259 2436 Latium,
271 2376 396 2439 postquam
409 2377 432 2424 ln
442 2387 536 2439 partem
548 2380 603 2428 data
614 2385 692 2430 Roma
702 2383 803 2434 Sabinis.
894 2369 895 2441 l

88 2445 149 2492 Una
160 2443 241 2505 ingens
254 2443 382 2493 Amiterna
394 2444 485 2504 cohors,
498 2445 613 2508 priscique
622 2451 738 2514 Qirites,

88 2509 160 2558 Ereti
171 2525 255 2557 manus
266 2511 353 2569 omnis,
365 2509 530 2574 oliviferaeque
543 2516 679 2564 Mutuscae:

91 2573 143 2638 Qi
156 2579 304 2625 Nomentum
316 2579 407 2638 urbem,
421 2581 463 2642 qui
471 2580 547 2628 Rosea
558 2597 611 2630 rura
620 2575 708 2640 Velini,

91 2641 143 2706 Qi
152 2642 261 2692 Tetricae
273 2644 395 2694 horrentes
406 2663 483 2709 rupea,
497 2658 653 2710 montemque
663 2653 784 2706 Severum,

88 2707 273 2773 Casperiamque
283 2709 375 2774 colunt,
388 2714 540 2778 Forulosque,
553 2725 578 2766 et
589 2715 679 2766 flumen
686 2712 818 2764 Himellae:

66 2847 185 2871 Δωρί..
