<?xml version="1.0" encoding="UTF-8"?>
<!DOCTYPE html PUBLIC "-//W3C//DTD XHTML 1.0 Transitional//EN"
    "http://www.w3.org/TR/xhtml1/DTD/xhtml1-transitional.dtd">
<html xmlns="http://www.w3.org/1999/xhtml" xml:lang="en" lang="en">
 <head>
  <title>
</title>
<meta http-equiv="Content-Type" content="text/html;charset=utf-8" />
  <meta name='ocr-system' content='tesseract 3.04.00' />
  <meta name='ocr-capabilities' content='ocr_page ocr_carea ocr_par ocr_line ocrx_word'/>
</head>
<body>
  <div class='ocr_page' id='page_1' title='image "./bucolicageorgic03virggoog/bucolicageorgic03virggoog_0030.png"; bbox 0 0 1804 2904; ppageno 0'>
   <div class='ocr_carea' id='block_1_1' title="bbox 75 57 669 108">
    <p class='ocr_par' dir='ltr' id='par_1_1' title="bbox 75 57 669 108">
     <span class='ocr_line' id='line_1_1' title="bbox 75 57 669 108; baseline 0 -2"><span class='ocrx_word' id='word_1_1' title='bbox 75 58 107 108; x_wconf 80' lang='lat'>28</span> <span class='ocrx_word' id='word_1_2' title='bbox 227 57 406 108; x_wconf 73' lang='lat' dir='ltr'><strong>GEURG.</strong></span> <span class='ocrx_word' id='word_1_3' title='bbox 439 59 525 106; x_wconf 72' lang='grc' dir='ltr'>ΗΒ.</span> <span class='ocrx_word' id='word_1_4' title='bbox 556 60 574 104; x_wconf 89' lang='lat'>1.</span> <span class='ocrx_word' id='word_1_5' title='bbox 627 57 669 106; x_wconf 80' lang='lat'>28.</span> 
     </span>
    </p>
   </div>
   <div class='ocr_carea' id='block_1_2' title="bbox 69 141 884 2762">
    <p class='ocr_par' dir='ltr' id='par_1_2' title="bbox 74 141 645 217">
     <span class='ocr_line' id='line_1_2' title="bbox 74 141 645 217; baseline 0 -13"><span class='ocrx_word' id='word_1_6' title='bbox 74 155 197 215; x_wconf 79' lang='lat' dir='ltr'>Accipiat,</span> <span class='ocrx_word' id='word_1_7' title='bbox 210 141 306 216; x_wconf 76' lang='lat' dir='ltr'>cingens</span> <span class='ocrx_word' id='word_1_8' title='bbox 313 165 420 204; x_wconf 87' lang='lat' dir='ltr'>materna</span> <span class='ocrx_word' id='word_1_9' title='bbox 431 165 540 217; x_wconf 86' lang='lat' dir='ltr'>tempora</span> <span class='ocrx_word' id='word_1_10' title='bbox 550 167 645 217; x_wconf 86' lang='lat' dir='ltr'>myrto:</span> 
     </span>
    </p>

    <p class='ocr_par' dir='ltr' id='par_1_3' title="bbox 73 221 734 685">
     <span class='ocr_line' id='line_1_3' title="bbox 75 221 677 280; baseline -0.002 -10"><span class='ocrx_word' id='word_1_11' title='bbox 75 228 119 270; x_wconf 83' lang='lat' dir='ltr'>An</span> <span class='ocrx_word' id='word_1_12' title='bbox 132 224 188 269; x_wconf 90' lang='lat' dir='ltr'>deus</span> <span class='ocrx_word' id='word_1_13' title='bbox 197 221 305 269; x_wconf 77' lang='lat' dir='ltr'>immensi</span> <span class='ocrx_word' id='word_1_14' title='bbox 317 224 396 270; x_wconf 78' lang='lat' dir='ltr'>uenias</span> <span class='ocrx_word' id='word_1_15' title='bbox 408 223 487 280; x_wconf 86' lang='lat' dir='ltr'>maris,</span> <span class='ocrx_word' id='word_1_16' title='bbox 500 234 580 270; x_wconf 84' lang='lat' dir='ltr'>actua</span> <span class='ocrx_word' id='word_1_17' title='bbox 591 234 677 270; x_wconf 81' lang='lat' dir='ltr'>nautae</span> 
     </span>
     <span class='ocr_line' id='line_1_4' title="bbox 76 286 708 346; baseline -0.002 -10"><span class='ocrx_word' id='word_1_18' title='bbox 76 290 183 336; x_wconf 86' lang='lat' dir='ltr'><strong>Numina</strong></span> <span class='ocrx_word' id='word_1_19' title='bbox 197 289 243 336; x_wconf 88' lang='lat' dir='ltr'>sola</span> <span class='ocrx_word' id='word_1_20' title='bbox 255 288 350 336; x_wconf 81' lang='lat' dir='ltr'>colant:</span> <span class='ocrx_word' id='word_1_21' title='bbox 369 289 418 335; x_wconf 87' lang='lat' dir='ltr'>tibi</span> <span class='ocrx_word' id='word_1_22' title='bbox 427 288 510 340; x_wconf 84' lang='lat' dir='ltr'>serviat</span> <span class='ocrx_word' id='word_1_23' title='bbox 522 289 608 337; x_wconf 82' lang='lat' dir='ltr'>ultima</span> <span class='ocrx_word' id='word_1_24' title='bbox 619 286 708 346; x_wconf 87' lang='lat' dir='ltr'>Thule,</span> 
     </span>
     <span class='ocr_line' id='line_1_5' title="bbox 73 355 734 418; baseline -0.005 -14"><span class='ocrx_word' id='word_1_25' title='bbox 73 358 158 418; x_wconf 86' lang='lat' dir='ltr'>Teque</span> <span class='ocrx_word' id='word_1_26' title='bbox 169 355 210 404; x_wconf 77' lang='lat' dir='ltr'>sibi</span> <span class='ocrx_word' id='word_1_27' title='bbox 220 370 330 418; x_wconf 83' lang='lat' dir='ltr'>generum</span> <span class='ocrx_word' id='word_1_28' title='bbox 340 355 433 416; x_wconf 78' lang='lat' dir='ltr'>Tethys</span> <span class='ocrx_word' id='word_1_29' title='bbox 445 366 509 404; x_wconf 86' lang='lat' dir='ltr'>emat</span> <span class='ocrx_word' id='word_1_30' title='bbox 521 357 633 404; x_wconf 82' lang='lat' dir='ltr'>omuibus</span> <span class='ocrx_word' id='word_1_31' title='bbox 644 357 734 404; x_wconf 80' lang='lat' dir='ltr'>undise</span> 
     </span>
     <span class='ocr_line' id='line_1_6' title="bbox 75 419 712 480; baseline -0.003 -8"><span class='ocrx_word' id='word_1_32' title='bbox 75 429 151 472; x_wconf 83' lang='lat' dir='ltr'>Anne</span> <span class='ocrx_word' id='word_1_33' title='bbox 161 439 247 472; x_wconf 84' lang='lat' dir='ltr'>novum</span> <span class='ocrx_word' id='word_1_34' title='bbox 258 422 332 469; x_wconf 82' lang='lat' dir='ltr'>tardis</span> <span class='ocrx_word' id='word_1_35' title='bbox 339 419 400 468; x_wconf 79' lang='lat' dir='ltr'>sidus</span> <span class='ocrx_word' id='word_1_36' title='bbox 409 432 432 470; x_wconf 90' lang='lat' dir='ltr'>te</span> <span class='ocrx_word' id='word_1_37' title='bbox 442 421 560 471; x_wconf 78' lang='lat' dir='ltr'>mensibus</span> <span class='ocrx_word' id='word_1_38' title='bbox 571 425 651 480; x_wconf 75' lang='lat' dir='ltr'>adias,</span> <span class='ocrx_word' id='word_1_39' title='bbox 709 439 712 446; x_wconf 73' lang='grc'><em>’</em></span> 
     </span>
     <span class='ocr_line' id='line_1_7' title="bbox 78 487 688 556; baseline -0.005 -17"><span class='ocrx_word' id='word_1_40' title='bbox 78 493 132 556; x_wconf 80' lang='lat' dir='ltr'>Qu</span> <span class='ocrx_word' id='word_1_41' title='bbox 145 489 344 548; x_wconf 74' lang='lat' dir='ltr'>locusErigonem</span> <span class='ocrx_word' id='word_1_42' title='bbox 353 487 416 536; x_wconf 88' lang='lat' dir='ltr'>inter</span> <span class='ocrx_word' id='word_1_43' title='bbox 423 488 555 551; x_wconf 85' lang='lat' dir='ltr'>Chelasque</span> <span class='ocrx_word' id='word_1_44' title='bbox 565 490 688 550; x_wconf 80' lang='lat' dir='ltr'>sequentes</span> 
     </span>
     <span class='ocr_line' id='line_1_8' title="bbox 78 554 729 620; baseline -0.006 -14"><span class='ocrx_word' id='word_1_45' title='bbox 78 559 216 620; x_wconf 81' lang='lat' dir='ltr'>Panditur;¹</span> <span class='ocrx_word' id='word_1_46' title='bbox 228 554 276 615; x_wconf 92' lang='lat' dir='ltr'>ipse</span> <span class='ocrx_word' id='word_1_47' title='bbox 288 555 333 602; x_wconf 85' lang='lat' dir='ltr'>tibi</span> <span class='ocrx_word' id='word_1_48' title='bbox 341 554 392 616; x_wconf 87' lang='lat' dir='ltr'>jam</span> <span class='ocrx_word' id='word_1_49' title='bbox 404 556 501 616; x_wconf 77' lang='lat' dir='ltr'>brachia</span> <span class='ocrx_word' id='word_1_50' title='bbox 512 556 633 606; x_wconf 82' lang='lat' dir='ltr'>contrahit</span> <span class='ocrx_word' id='word_1_51' title='bbox 644 557 729 604; x_wconf 74' lang='lat' dir='ltr'>ardena</span> 
     </span>
     <span class='ocr_line' id='line_1_9' title="bbox 81 619 632 685; baseline -0.007 -11"><span class='ocrx_word' id='word_1_52' title='bbox 81 625 199 684; x_wconf 83' lang='lat' dir='ltr'>Scorpius,</span> <span class='ocrx_word' id='word_1_53' title='bbox 212 632 236 670; x_wconf 90' lang='lat' dir='ltr'>et</span> <span class='ocrx_word' id='word_1_54' title='bbox 246 619 305 670; x_wconf 89' lang='lat' dir='ltr'>coeli</span> <span class='ocrx_word' id='word_1_55' title='bbox 314 620 375 684; x_wconf 84' lang='lat' dir='ltr'>justa</span> <span class='ocrx_word' id='word_1_56' title='bbox 384 621 437 684; x_wconf 76' lang='lat' dir='ltr'>plus</span> <span class='ocrx_word' id='word_1_57' title='bbox 448 633 516 685; x_wconf 79' lang='lat' dir='ltr'>parre</span> <span class='ocrx_word' id='word_1_58' title='bbox 527 623 632 685; x_wconf 88' lang='lat' dir='ltr'>reliquit.</span> 
     </span>
    </p>

    <p class='ocr_par' dir='ltr' id='par_1_4' title="bbox 77 687 770 817">
     <span class='ocr_line' id='line_1_10' title="bbox 78 687 770 757; baseline -0.006 -19"><span class='ocrx_word' id='word_1_59' title='bbox 78 691 199 757; x_wconf 81' lang='lat' dir='ltr'>Qicquid</span> <span class='ocrx_word' id='word_1_60' title='bbox 210 689 267 748; x_wconf 83' lang='lat' dir='ltr'>eris3</span> <span class='ocrx_word' id='word_1_61' title='bbox 289 690 359 751; x_wconf 84' lang='lat' dir='ltr'>(unm</span> <span class='ocrx_word' id='word_1_62' title='bbox 370 700 396 738; x_wconf 87' lang='lat' dir='ltr'>te</span> <span class='ocrx_word' id='word_1_63' title='bbox 405 706 447 738; x_wconf 83' lang='lat' dir='ltr'>uec</span> <span class='ocrx_word' id='word_1_64' title='bbox 458 687 552 753; x_wconf 84' lang='lat' dir='ltr'>sperent</span> <span class='ocrx_word' id='word_1_65' title='bbox 560 692 662 739; x_wconf 81' lang='lat' dir='ltr'>Tartara</span> <span class='ocrx_word' id='word_1_66' title='bbox 674 701 770 750; x_wconf 72' lang='lat' dir='ltr'>regem,</span> 
     </span>
     <span class='ocr_line' id='line_1_11' title="bbox 77 756 637 817; baseline -0.009 -9"><span class='ocrx_word' id='word_1_67' title='bbox 77 763 129 808; x_wconf 84' lang='lat' dir='ltr'>Nec</span> <span class='ocrx_word' id='word_1_68' title='bbox 140 756 184 805; x_wconf 84' lang='lat' dir='ltr'>tibi</span> <span class='ocrx_word' id='word_1_69' title='bbox 197 757 312 817; x_wconf 85' lang='lat' dir='ltr'>regnandi</span> <span class='ocrx_word' id='word_1_70' title='bbox 322 757 402 806; x_wconf 82' lang='lat' dir='ltr'>veniat</span> <span class='ocrx_word' id='word_1_71' title='bbox 412 767 465 804; x_wconf 85' lang='lat' dir='ltr'>tarn</span> <span class='ocrx_word' id='word_1_72' title='bbox 476 758 528 806; x_wconf 90' lang='lat' dir='ltr'>dira</span> <span class='ocrx_word' id='word_1_73' title='bbox 538 758 637 817; x_wconf 87' lang='lat' dir='ltr'>cupido:</span> 
     </span>
    </p>

    <p class='ocr_par' dir='ltr' id='par_1_5' title="bbox 79 821 630 889">
     <span class='ocr_line' id='line_1_12' title="bbox 79 821 630 889; baseline -0.005 -17"><span class='ocrx_word' id='word_1_74' title='bbox 79 824 196 889; x_wconf 80' lang='lat' dir='ltr'>Qamvis</span> <span class='ocrx_word' id='word_1_75' title='bbox 206 821 297 884; x_wconf 77' lang='lat' dir='ltr'>Elysios</span> <span class='ocrx_word' id='word_1_76' title='bbox 306 825 404 871; x_wconf 84' lang='lat' dir='ltr'>miretur</span> <span class='ocrx_word' id='word_1_77' title='bbox 413 824 514 870; x_wconf 78' lang='lat' dir='ltr'>Graecia</span> <span class='ocrx_word' id='word_1_78' title='bbox 525 838 630 883; x_wconf 84' lang='lat' dir='ltr'>campos,</span> 
     </span>
    </p>

    <p class='ocr_par' dir='ltr' id='par_1_6' title="bbox 79 886 674 952">
     <span class='ocr_line' id='line_1_13' title="bbox 79 886 674 952; baseline -0.01 -12"><span class='ocrx_word' id='word_1_79' title='bbox 79 896 130 940; x_wconf 90' lang='lat' dir='ltr'>Nec</span> <span class='ocrx_word' id='word_1_80' title='bbox 143 891 243 951; x_wconf 87' lang='lat' dir='ltr'>repetita</span> <span class='ocrx_word' id='word_1_81' title='bbox 255 891 319 952; x_wconf 91' lang='lat' dir='ltr'>sequi</span> <span class='ocrx_word' id='word_1_82' title='bbox 331 897 395 938; x_wconf 81' lang='lat' dir='ltr'>curet</span> <span class='ocrx_word' id='word_1_83' title='bbox 408 889 548 951; x_wconf 67' lang='lat' dir='ltr'>Proserpina</span> <span class='ocrx_word' id='word_1_84' title='bbox 559 886 674 948; x_wconf 84' lang='lat' dir='ltr'>matrem)</span> 
     </span>
    </p>

    <p class='ocr_par' dir='ltr' id='par_1_7' title="bbox 78 949 773 1154">
     <span class='ocr_line' id='line_1_14' title="bbox 78 949 762 1019; baseline -0.012 -11"><span class='ocrx_word' id='word_1_85' title='bbox 78 961 119 1008; x_wconf 88' lang='lat' dir='ltr'>Da</span> <span class='ocrx_word' id='word_1_86' title='bbox 131 955 225 1006; x_wconf 81' lang='lat' dir='ltr'>facilem</span> <span class='ocrx_word' id='word_1_87' title='bbox 233 957 336 1018; x_wconf 85' lang='lat' dir='ltr'>cursum,</span> <span class='ocrx_word' id='word_1_88' title='bbox 347 967 421 1019; x_wconf 86' lang='lat' dir='ltr'>atque</span> <span class='ocrx_word' id='word_1_89' title='bbox 431 958 558 1006; x_wconf 82' lang='lat' dir='ltr'>audacibus</span> <span class='ocrx_word' id='word_1_90' title='bbox 569 957 645 1004; x_wconf 92' lang='lat' dir='ltr'>adnue</span> <span class='ocrx_word' id='word_1_91' title='bbox 656 949 762 1013; x_wconf 74' lang='lat' dir='ltr'>coeptis,</span> 
     </span>
     <span class='ocr_line' id='line_1_15' title="bbox 79 1021 773 1086; baseline -0.01 -12"><span class='ocrx_word' id='word_1_92' title='bbox 79 1024 222 1086; x_wconf 73' lang='lat' dir='ltr'>{gnarosque</span> <span class='ocrx_word' id='word_1_93' title='bbox 235 1024 388 1073; x_wconf 81' lang='lat' dir='ltr'>riaemecum</span> <span class='ocrx_word' id='word_1_94' title='bbox 396 1025 518 1072; x_wconf 86' lang='lat' dir='ltr'>miseratus</span> <span class='ocrx_word' id='word_1_95' title='bbox 529 1022 635 1083; x_wconf 77' lang='lat' dir='ltr'>agrestes,</span> <span class='ocrx_word' id='word_1_96' title='bbox 769 1021 773 1029; x_wconf 90' lang='lat'>&#39;</span> 
     </span>
     <span class='ocr_line' id='line_1_16' title="bbox 80 1087 661 1154; baseline -0.01 -13"><span class='ocrx_word' id='word_1_97' title='bbox 80 1093 212 1154; x_wconf 77' lang='lat' dir='ltr'>Ingredere,</span> <span class='ocrx_word' id='word_1_98' title='bbox 224 1101 249 1140; x_wconf 88' lang='lat' dir='ltr'>et</span> <span class='ocrx_word' id='word_1_99' title='bbox 258 1093 318 1139; x_wconf 84' lang='lat' dir='ltr'>votis</span> <span class='ocrx_word' id='word_1_100' title='bbox 327 1093 377 1152; x_wconf 82' lang='lat' dir='ltr'>jam</span> <span class='ocrx_word' id='word_1_101' title='bbox 387 1105 452 1135; x_wconf 88' lang='lat' dir='ltr'>nunc</span> <span class='ocrx_word' id='word_1_102' title='bbox 463 1090 566 1136; x_wconf 85' lang='lat' dir='ltr'>adsuesce</span> <span class='ocrx_word' id='word_1_103' title='bbox 577 1087 661 1135; x_wconf 81' lang='lat' dir='ltr'>vocari.</span> 
     </span>
    </p>

    <p class='ocr_par' dir='ltr' id='par_1_8' title="bbox 80 1153 749 1822">
     <span class='ocr_line' id='line_1_17' title="bbox 111 1153 728 1218; baseline -0.011 -9"><span class='ocrx_word' id='word_1_104' title='bbox 111 1163 171 1208; x_wconf 83' lang='lat' dir='ltr'>Vere</span> <span class='ocrx_word' id='word_1_105' title='bbox 182 1175 253 1216; x_wconf 81' lang='lat' dir='ltr'>nouo,</span> <span class='ocrx_word' id='word_1_106' title='bbox 266 1156 354 1218; x_wconf 83' lang='lat' dir='ltr'>gelidus</span> <span class='ocrx_word' id='word_1_107' title='bbox 365 1154 431 1203; x_wconf 88' lang='lat' dir='ltr'>canis</span> <span class='ocrx_word' id='word_1_108' title='bbox 442 1171 499 1203; x_wconf 86' lang='lat' dir='ltr'>cnm</span> <span class='ocrx_word' id='word_1_109' title='bbox 509 1155 631 1204; x_wconf 84' lang='lat' dir='ltr'>montibus</span> <span class='ocrx_word' id='word_1_110' title='bbox 640 1153 728 1202; x_wconf 78' lang='lat' dir='ltr'>humor</span> 
     </span>
     <span class='ocr_line' id='line_1_18' title="bbox 80 1219 734 1289; baseline -0.011 -15"><span class='ocrx_word' id='word_1_111' title='bbox 80 1227 204 1289; x_wconf 86' lang='lat' dir='ltr'>Liquitur,</span> <span class='ocrx_word' id='word_1_112' title='bbox 217 1235 241 1272; x_wconf 90' lang='lat' dir='ltr'>et</span> <span class='ocrx_word' id='word_1_113' title='bbox 255 1222 364 1284; x_wconf 89' lang='lat' dir='ltr'>Zephyro</span> <span class='ocrx_word' id='word_1_114' title='bbox 375 1223 452 1284; x_wconf 90' lang='lat' dir='ltr'>putris</span> <span class='ocrx_word' id='word_1_115' title='bbox 464 1223 486 1270; x_wconf 92' lang='lat' dir='ltr'>se</span> <span class='ocrx_word' id='word_1_116' title='bbox 498 1220 565 1286; x_wconf 77' lang='lat' dir='ltr'>gleba</span> <span class='ocrx_word' id='word_1_117' title='bbox 573 1219 684 1278; x_wconf 77' lang='lat' dir='ltr'>resolvit5</span> <span class='ocrx_word' id='word_1_118' title='bbox 730 1275 734 1280; x_wconf 29' lang='lat'>¹</span> 
     </span>
     <span class='ocr_line' id='line_1_19' title="bbox 80 1287 683 1354; baseline -0.012 -13"><span class='ocrx_word' id='word_1_119' title='bbox 80 1289 195 1354; x_wconf 84' lang='lat' dir='ltr'>Depresso</span> <span class='ocrx_word' id='word_1_120' title='bbox 204 1289 301 1350; x_wconf 81' lang='lat' dir='ltr'>incipiat</span> <span class='ocrx_word' id='word_1_121' title='bbox 310 1290 362 1352; x_wconf 86' lang='lat' dir='ltr'>jam</span> <span class='ocrx_word' id='word_1_122' title='bbox 374 1299 427 1338; x_wconf 88' lang='lat' dir='ltr'>tum</span> <span class='ocrx_word' id='word_1_123' title='bbox 439 1287 499 1336; x_wconf 84' lang='lat' dir='ltr'>milri</span> <span class='ocrx_word' id='word_1_124' title='bbox 510 1299 592 1338; x_wconf 82' lang='lat' dir='ltr'>taurus</span> <span class='ocrx_word' id='word_1_125' title='bbox 603 1297 683 1335; x_wconf 85' lang='lat' dir='ltr'>aratro</span> 
     </span>
     <span class='ocr_line' id='line_1_20' title="bbox 81 1353 702 1420; baseline -0.011 -12"><span class='ocrx_word' id='word_1_126' title='bbox 81 1363 213 1420; x_wconf 76' lang='lat' dir='ltr'>Ingemere,</span> <span class='ocrx_word' id='word_1_127' title='bbox 225 1365 249 1405; x_wconf 92' lang='lat' dir='ltr'>et</span> <span class='ocrx_word' id='word_1_128' title='bbox 260 1355 322 1404; x_wconf 91' lang='lat' dir='ltr'>sulco</span> <span class='ocrx_word' id='word_1_129' title='bbox 334 1357 432 1404; x_wconf 87' lang='lat' dir='ltr'>attritus</span> <span class='ocrx_word' id='word_1_130' title='bbox 444 1353 600 1418; x_wconf 89' lang='lat' dir='ltr'>splendescere</span> <span class='ocrx_word' id='word_1_131' title='bbox 611 1367 702 1403; x_wconf 80' lang='lat' dir='ltr'>vomer.</span> 
     </span>
     <span class='ocr_line' id='line_1_21' title="bbox 83 1423 596 1486; baseline -0.006 -12"><span class='ocrx_word' id='word_1_132' title='bbox 83 1423 129 1474; x_wconf 85' lang='lat' dir='ltr'>illa</span> <span class='ocrx_word' id='word_1_133' title='bbox 138 1425 202 1486; x_wconf 26' lang='lat' dir='ltr'>,seges</span> <span class='ocrx_word' id='word_1_134' title='bbox 213 1425 310 1472; x_wconf 86' lang='lat' dir='ltr'>demum</span> <span class='ocrx_word' id='word_1_135' title='bbox 323 1425 384 1472; x_wconf 82' lang='lat' dir='ltr'>votis</span> <span class='ocrx_word' id='word_1_136' title='bbox 389 1423 519 1486; x_wconf 85' lang='lat' dir='ltr'>respondet</span> <span class='ocrx_word' id='word_1_137' title='bbox 529 1423 596 1472; x_wconf 81' lang='lat' dir='ltr'>avari</span> 
     </span>
     <span class='ocr_line' id='line_1_22' title="bbox 83 1487 673 1558; baseline -0.012 -15"><span class='ocrx_word' id='word_1_138' title='bbox 83 1489 219 1554; x_wconf 73' lang='lat' dir='ltr'>Agricolae,</span> <span class='ocrx_word' id='word_1_139' title='bbox 232 1492 339 1554; x_wconf 82' lang='lat' dir='ltr'>hisquae</span> <span class='ocrx_word' id='word_1_140' title='bbox 349 1489 431 1552; x_wconf 89' lang='lat' dir='ltr'>solem,</span> <span class='ocrx_word' id='word_1_141' title='bbox 444 1491 481 1540; x_wconf 78' lang='lat' dir='ltr'>bis</span> <span class='ocrx_word' id='word_1_142' title='bbox 491 1491 579 1558; x_wconf 76' lang='lat' dir='ltr'>frigora</span> <span class='ocrx_word' id='word_1_143' title='bbox 590 1487 673 1546; x_wconf 84' lang='lat' dir='ltr'>seulit;</span> 
     </span>
     <span class='ocr_line' id='line_1_23' title="bbox 82 1553 607 1622; baseline -0.008 -12"><span class='ocrx_word' id='word_1_144' title='bbox 82 1557 149 1610; x_wconf 83' lang='lat' dir='ltr'>illius</span> <span class='ocrx_word' id='word_1_145' title='bbox 160 1557 287 1608; x_wconf 86' lang='lat' dir='ltr'>immensae</span> <span class='ocrx_word' id='word_1_146' title='bbox 296 1569 411 1622; x_wconf 84' lang='lat' dir='ltr'>ruperunt</span> <span class='ocrx_word' id='word_1_147' title='bbox 423 1557 507 1608; x_wconf 83' lang='lat' dir='ltr'>horrea</span> <span class='ocrx_word' id='word_1_148' title='bbox 519 1553 607 1606; x_wconf 74' lang='lat' dir='ltr'>mellea</span> 
     </span>
     <span class='ocr_line' id='line_1_24' title="bbox 84 1625 712 1692; baseline -0.013 -14"><span class='ocrx_word' id='word_1_149' title='bbox 84 1633 123 1678; x_wconf 87' lang='lat' dir='ltr'>At</span> <span class='ocrx_word' id='word_1_150' title='bbox 131 1628 195 1692; x_wconf 89' lang='lat' dir='ltr'>prius</span> <span class='ocrx_word' id='word_1_151' title='bbox 203 1627 313 1690; x_wconf 75' lang='lat' dir='ltr'>ignotum</span> <span class='ocrx_word' id='word_1_152' title='bbox 321 1631 384 1676; x_wconf 81' lang='lat' dir='ltr'>ferro</span> <span class='ocrx_word' id='word_1_153' title='bbox 392 1643 466 1690; x_wconf 82' lang='lat' dir='ltr'>quam</span> <span class='ocrx_word' id='word_1_154' title='bbox 477 1625 605 1686; x_wconf 83' lang='lat' dir='ltr'>scindimus</span> <span class='ocrx_word' id='word_1_155' title='bbox 614 1637 712 1684; x_wconf 80' lang='lat' dir='ltr'>aequor,</span> 
     </span>
     <span class='ocr_line' id='line_1_25' title="bbox 84 1695 749 1756; baseline -0.011 -11"><span class='ocrx_word' id='word_1_156' title='bbox 84 1699 184 1755; x_wconf 83' lang='lat' dir='ltr'>Ventos,</span> <span class='ocrx_word' id='word_1_157' title='bbox 195 1706 220 1744; x_wconf 89' lang='lat' dir='ltr'>et</span> <span class='ocrx_word' id='word_1_158' title='bbox 229 1697 324 1746; x_wconf 79' lang='lat' dir='ltr'>uarium</span> <span class='ocrx_word' id='word_1_159' title='bbox 335 1695 395 1746; x_wconf 84' lang='lat' dir='ltr'>coeli</span> <span class='ocrx_word' id='word_1_160' title='bbox 406 1695 547 1756; x_wconf 85' lang='lat' dir='ltr'>praediscere</span> <span class='ocrx_word' id='word_1_161' title='bbox 559 1705 649 1738; x_wconf 86' lang='lat' dir='ltr'>morem</span> <span class='ocrx_word' id='word_1_162' title='bbox 738 1728 749 1738; x_wconf 67' lang='grc'>,</span> 
     </span>
     <span class='ocr_line' id='line_1_26' title="bbox 85 1748 749 1822; baseline -0.027 -10"><span class='ocrx_word' id='word_1_163' title='bbox 85 1765 150 1812; x_wconf 86' lang='lat' dir='ltr'>Cura</span> <span class='ocrx_word' id='word_1_164' title='bbox 161 1761 198 1820; x_wconf 78' lang='lat' dir='ltr'>sit,</span> <span class='ocrx_word' id='word_1_165' title='bbox 211 1777 239 1811; x_wconf 88' lang='lat' dir='ltr'>ac</span> <span class='ocrx_word' id='word_1_166' title='bbox 250 1764 341 1822; x_wconf 87' lang='lat' dir='ltr'>patrios</span> <span class='ocrx_word' id='word_1_167' title='bbox 351 1761 474 1817; x_wconf 83' lang='lat' dir='ltr'>cultusque</span> <span class='ocrx_word' id='word_1_168' title='bbox 483 1753 623 1810; x_wconf 85' lang='lat' dir='ltr'>habitusque</span> <span class='ocrx_word' id='word_1_169' title='bbox 634 1748 749 1806; x_wconf 83' lang='lat' dir='ltr'>locorum,</span> 
     </span>
    </p>

    <p class='ocr_par' dir='ltr' id='par_1_9' title="bbox 69 1815 884 2762">
     <span class='ocr_line' id='line_1_27' title="bbox 86 1815 798 1889; baseline -0.021 -13"><span class='ocrx_word' id='word_1_170' title='bbox 86 1832 120 1878; x_wconf 86' lang='lat' dir='ltr'>Et</span> <span class='ocrx_word' id='word_1_171' title='bbox 133 1829 191 1889; x_wconf 93' lang='lat' dir='ltr'>quid</span> <span class='ocrx_word' id='word_1_172' title='bbox 201 1842 309 1887; x_wconf 89' lang='lat' dir='ltr'>quaeque</span> <span class='ocrx_word' id='word_1_173' title='bbox 321 1827 381 1870; x_wconf 79' lang='lat' dir='ltr'>ferat</span> <span class='ocrx_word' id='word_1_174' title='bbox 392 1822 464 1879; x_wconf 75' lang='lat' dir='ltr'>regio,</span> <span class='ocrx_word' id='word_1_175' title='bbox 477 1827 501 1866; x_wconf 84' lang='lat' dir='ltr'>et</span> <span class='ocrx_word' id='word_1_176' title='bbox 513 1817 571 1876; x_wconf 83' lang='lat' dir='ltr'>quid</span> <span class='ocrx_word' id='word_1_177' title='bbox 582 1829 690 1876; x_wconf 80' lang='lat' dir='ltr'>quaeque</span> <span class='ocrx_word' id='word_1_178' title='bbox 701 1815 798 1865; x_wconf 68' lang='lat' dir='ltr'>recuset.</span> 
     </span>
     <span class='ocr_line' id='line_1_28' title="bbox 86 1881 884 1952; baseline -0.023 -9"><span class='ocrx_word' id='word_1_179' title='bbox 86 1893 136 1944; x_wconf 86' lang='lat' dir='ltr'>Hic</span> <span class='ocrx_word' id='word_1_180' title='bbox 147 1894 241 1952; x_wconf 67' lang='lat' dir='ltr'>sereres,</span> <span class='ocrx_word' id='word_1_181' title='bbox 254 1889 302 1935; x_wconf 91' lang='lat' dir='ltr'>illic</span> <span class='ocrx_word' id='word_1_182' title='bbox 313 1886 412 1933; x_wconf 85' lang='lat' dir='ltr'>veniunt</span> <span class='ocrx_word' id='word_1_183' title='bbox 420 1881 511 1930; x_wconf 84' lang='lat' dir='ltr'>felicius</span> <span class='ocrx_word' id='word_1_184' title='bbox 521 1897 594 1928; x_wconf 83' lang='lat' dir='ltr'>uvae:</span> <span class='ocrx_word' id='word_1_185' title='bbox 883 1887 884 1892; x_wconf 76' lang='grc'>’</span> 
     </span>
     <span class='ocr_line' id='line_1_29' title="bbox 87 1943 884 2018; baseline -0.018 -9"><span class='ocrx_word' id='word_1_186' title='bbox 87 1957 192 2010; x_wconf 82' lang='lat' dir='ltr'>Arborei</span> <span class='ocrx_word' id='word_1_187' title='bbox 202 1957 281 2004; x_wconf 80' lang='lat' dir='ltr'>foetos</span> <span class='ocrx_word' id='word_1_188' title='bbox 290 1951 347 2000; x_wconf 88' lang='lat' dir='ltr'>alibi</span> <span class='ocrx_word' id='word_1_189' title='bbox 358 1960 430 2009; x_wconf 86' lang='lat' dir='ltr'>atque</span> <span class='ocrx_word' id='word_1_190' title='bbox 442 1943 525 2010; x_wconf 81' lang='lat' dir='ltr'>injussa</span> <span class='ocrx_word' id='word_1_191' title='bbox 536 1948 653 1998; x_wconf 73' lang='lat' dir='ltr'>virescunt</span> <span class='ocrx_word' id='word_1_192' title='bbox 883 2003 884 2018; x_wconf 14' lang='grc' dir='ltr'><strong>χ</strong></span> 
     </span>
     <span class='ocr_line' id='line_1_30' title="bbox 89 2013 761 2076; baseline -0.01 -3"><span class='ocrx_word' id='word_1_193' title='bbox 89 2025 213 2076; x_wconf 80' lang='lat' dir='ltr'>Gramina.</span> <span class='ocrx_word' id='word_1_194' title='bbox 232 2025 320 2070; x_wconf 86' lang='lat' dir='ltr'>Nonne</span> <span class='ocrx_word' id='word_1_195' title='bbox 331 2017 405 2072; x_wconf 87' lang='lat' dir='ltr'>vides,</span> <span class='ocrx_word' id='word_1_196' title='bbox 417 2029 509 2062; x_wconf 81' lang='lat' dir='ltr'>croceos</span> <span class='ocrx_word' id='word_1_197' title='bbox 521 2013 660 2063; x_wconf 84' lang='lat' dir='ltr'>utTmolus</span> <span class='ocrx_word' id='word_1_198' title='bbox 670 2017 761 2074; x_wconf 76' lang='lat' dir='ltr'>odom,</span> 
     </span>
     <span class='ocr_line' id='line_1_31' title="bbox 69 2079 664 2151; baseline -0.018 -7"><span class='ocrx_word' id='word_1_199' title='bbox 69 2093 157 2151; x_wconf 61' lang='lat' dir='ltr'>judio</span> <span class='ocrx_word' id='word_1_200' title='bbox 169 2091 247 2140; x_wconf 85' lang='lat' dir='ltr'>mittit</span> <span class='ocrx_word' id='word_1_201' title='bbox 258 2089 322 2142; x_wconf 85' lang='lat' dir='ltr'>ebur,</span> <span class='ocrx_word' id='word_1_202' title='bbox 336 2079 419 2130; x_wconf 84' lang='lat' dir='ltr'>molles</span> <span class='ocrx_word' id='word_1_203' title='bbox 430 2081 470 2130; x_wconf 81' lang='lat' dir='ltr'>sun</span> <span class='ocrx_word' id='word_1_204' title='bbox 481 2081 553 2130; x_wconf 86' lang='lat' dir='ltr'>thura</span> <span class='ocrx_word' id='word_1_205' title='bbox 566 2081 664 2130; x_wconf 79' lang='lat' dir='ltr'>Sabaei?</span> 
     </span>
     <span class='ocr_line' id='line_1_32' title="bbox 89 2147 669 2218; baseline -0.022 -7"><span class='ocrx_word' id='word_1_206' title='bbox 89 2165 128 2210; x_wconf 82' lang='lat' dir='ltr'>At</span> <span class='ocrx_word' id='word_1_207' title='bbox 138 2157 256 2218; x_wconf 84' lang='lat' dir='ltr'>Chalybes</span> <span class='ocrx_word' id='word_1_208' title='bbox 267 2152 324 2200; x_wconf 90' lang='lat' dir='ltr'>nudi</span> <span class='ocrx_word' id='word_1_209' title='bbox 336 2151 434 2210; x_wconf 84' lang='lat' dir='ltr'>senum,</span> <span class='ocrx_word' id='word_1_210' title='bbox 443 2147 566 2212; x_wconf 83' lang='lat' dir='ltr'>virosaque</span> <span class='ocrx_word' id='word_1_211' title='bbox 578 2151 669 2198; x_wconf 81' lang='lat' dir='ltr'>Pontus</span> 
     </span>
     <span class='ocr_line' id='line_1_33' title="bbox 90 2211 670 2281; baseline -0.028 -5"><span class='ocrx_word' id='word_1_212' title='bbox 90 2225 209 2281; x_wconf 78' lang='lat' dir='ltr'>castorea,</span> <span class='ocrx_word' id='word_1_213' title='bbox 222 2219 333 2270; x_wconf 84' lang='lat' dir='ltr'>Eliadum</span> <span class='ocrx_word' id='word_1_214' title='bbox 344 2215 436 2280; x_wconf 85' lang='lat' dir='ltr'>palmas</span> <span class='ocrx_word' id='word_1_215' title='bbox 446 2217 531 2279; x_wconf 85' lang='lat' dir='ltr'>Epiros</span> <span class='ocrx_word' id='word_1_216' title='bbox 542 2211 670 2278; x_wconf 83' lang='lat' dir='ltr'>equarum?</span> 
     </span>
     <span class='ocr_line' id='line_1_34' title="bbox 90 2282 688 2348; baseline -0.018 -5"><span class='ocrx_word' id='word_1_217' title='bbox 90 2294 212 2344; x_wconf 87' lang='lat' dir='ltr'>Continuo</span> <span class='ocrx_word' id='word_1_218' title='bbox 224 2289 267 2338; x_wconf 81' lang='lat' dir='ltr'>has</span> <span class='ocrx_word' id='word_1_219' title='bbox 277 2285 347 2348; x_wconf 78' lang='lat' dir='ltr'>leges,</span> <span class='ocrx_word' id='word_1_220' title='bbox 359 2295 500 2347; x_wconf 87' lang='lat' dir='ltr'>aeternaque</span> <span class='ocrx_word' id='word_1_221' title='bbox 512 2285 604 2332; x_wconf 81' lang='lat' dir='ltr'>foedera</span> <span class='ocrx_word' id='word_1_222' title='bbox 615 2282 688 2332; x_wconf 71' lang='lat' dir='ltr'>aenis</span> 
     </span>
     <span class='ocr_line' id='line_1_35' title="bbox 91 2351 699 2420; baseline -0.013 -13"><span class='ocrx_word' id='word_1_223' title='bbox 91 2358 206 2420; x_wconf 83' lang='lat' dir='ltr'>Imposuit</span> <span class='ocrx_word' id='word_1_224' title='bbox 214 2361 307 2405; x_wconf 91' lang='lat' dir='ltr'>Natura</span> <span class='ocrx_word' id='word_1_225' title='bbox 318 2353 385 2412; x_wconf 89' lang='lat' dir='ltr'>locis,</span> <span class='ocrx_word' id='word_1_226' title='bbox 396 2370 445 2414; x_wconf 91' lang='lat' dir='ltr'>quo</span> <span class='ocrx_word' id='word_1_227' title='bbox 456 2362 563 2413; x_wconf 89' lang='lat' dir='ltr'>tempore</span> <span class='ocrx_word' id='word_1_228' title='bbox 574 2351 679 2412; x_wconf 88' lang='lat' dir='ltr'>primum</span> <span class='ocrx_word' id='word_1_229' title='bbox 694 2394 699 2399; x_wconf 91' lang='lat'><em>.</em></span> 
     </span>
     <span class='ocr_line' id='line_1_36' title="bbox 90 2418 684 2483; baseline -0.02 -7"><span class='ocrx_word' id='word_1_230' title='bbox 90 2422 222 2476; x_wconf 88' lang='lat' dir='ltr'>Deucalion</span> <span class='ocrx_word' id='word_1_231' title='bbox 234 2437 333 2472; x_wconf 82' lang='lat' dir='ltr'>vacuum</span> <span class='ocrx_word' id='word_1_232' title='bbox 346 2419 435 2482; x_wconf 83' lang='lat' dir='ltr'>lapides</span> <span class='ocrx_word' id='word_1_233' title='bbox 442 2419 540 2483; x_wconf 69' lang='lat' dir='ltr'>jactavit</span> <span class='ocrx_word' id='word_1_234' title='bbox 550 2418 575 2465; x_wconf 92' lang='lat' dir='ltr'>in</span> <span class='ocrx_word' id='word_1_235' title='bbox 586 2419 684 2466; x_wconf 86' lang='lat' dir='ltr'>orbem:</span> 
     </span>
     <span class='ocr_line' id='line_1_37' title="bbox 93 2488 776 2548; baseline -0.015 -8"><span class='ocrx_word' id='word_1_236' title='bbox 93 2491 163 2540; x_wconf 86' lang='lat' dir='ltr'>Unde</span> <span class='ocrx_word' id='word_1_237' title='bbox 176 2490 285 2540; x_wconf 88' lang='lat' dir='ltr'>homines</span> <span class='ocrx_word' id='word_1_238' title='bbox 295 2489 356 2548; x_wconf 85' lang='lat' dir='ltr'>nati,</span> <span class='ocrx_word' id='word_1_239' title='bbox 368 2491 453 2538; x_wconf 82' lang='lat' dir='ltr'>durum</span> <span class='ocrx_word' id='word_1_240' title='bbox 466 2502 546 2548; x_wconf 76' lang='lat' dir='ltr'>genus.</span> <span class='ocrx_word' id='word_1_241' title='bbox 565 2488 630 2546; x_wconf 79' lang='lat' dir='ltr'>Ergo</span> <span class='ocrx_word' id='word_1_242' title='bbox 641 2501 692 2545; x_wconf 84' lang='lat' dir='ltr'>age,</span> <span class='ocrx_word' id='word_1_243' title='bbox 703 2492 776 2532; x_wconf 83' lang='lat' dir='ltr'>terrae</span> 
     </span>
     <span class='ocr_line' id='line_1_38' title="bbox 92 2549 713 2622; baseline -0.018 -12"><span class='ocrx_word' id='word_1_244' title='bbox 92 2557 183 2618; x_wconf 71' lang='lat' dir='ltr'>Pingue</span> <span class='ocrx_word' id='word_1_245' title='bbox 194 2557 269 2609; x_wconf 89' lang='lat' dir='ltr'>solum</span> <span class='ocrx_word' id='word_1_246' title='bbox 278 2558 362 2622; x_wconf 80' lang='lat' dir='ltr'>primis</span> <span class='ocrx_word' id='word_1_247' title='bbox 372 2553 495 2616; x_wconf 85' lang='lat' dir='ltr'>externplo</span> <span class='ocrx_word' id='word_1_248' title='bbox 506 2549 646 2602; x_wconf 70' lang='lat' dir='ltr'>iprensibus</span> <span class='ocrx_word' id='word_1_249' title='bbox 657 2549 713 2599; x_wconf 83' lang='lat' dir='ltr'>anni</span> 
     </span>
     <span class='ocr_line' id='line_1_39' title="bbox 93 2619 664 2686; baseline -0.014 -14"><span class='ocrx_word' id='word_1_250' title='bbox 93 2625 176 2674; x_wconf 83' lang='lat' dir='ltr'>Fortes</span> <span class='ocrx_word' id='word_1_251' title='bbox 187 2628 308 2678; x_wconf 77' lang='lat' dir='ltr'>invertant</span> <span class='ocrx_word' id='word_1_252' title='bbox 320 2625 396 2676; x_wconf 82' lang='lat' dir='ltr'>tauri:</span> <span class='ocrx_word' id='word_1_253' title='bbox 415 2620 538 2686; x_wconf 63' lang='lat' dir='ltr'>glebasque</span> <span class='ocrx_word' id='word_1_254' title='bbox 548 2619 664 2682; x_wconf 60' lang='lat' dir='ltr'>jacentes·</span> 
     </span>
     <span class='ocr_line' id='line_1_40' title="bbox 95 2683 658 2762; baseline -0.007 -23"><span class='ocrx_word' id='word_1_255' title='bbox 95 2689 263 2749; x_wconf 64' lang='lat' dir='ltr'>Pulverulmta</span> <span class='ocrx_word' id='word_1_256' title='bbox 272 2703 361 2762; x_wconf 72' lang='lat' dir='ltr'>coquat</span> <span class='ocrx_word' id='word_1_257' title='bbox 373 2689 473 2750; x_wconf 77' lang='lat' dir='ltr'>maturis</span> <span class='ocrx_word' id='word_1_258' title='bbox 484 2684 570 2736; x_wconf 71' lang='lat' dir='ltr'>solibus</span> <span class='ocrx_word' id='word_1_259' title='bbox 578 2683 658 2736; x_wconf 67' lang='lat' dir='ltr'>aestu·</span> 
     </span>
    </p>
   </div>
   <div class='ocr_carea' id='block_1_3' title="bbox 59 2811 206 2870">
    <p class='ocr_par' dir='ltr' id='par_1_10' title="bbox 59 2811 206 2870">
     <span class='ocr_line' id='line_1_41' title="bbox 59 2811 206 2870; baseline -0.014 1"><span class='ocrx_word' id='word_1_260' title='bbox 59 2811 206 2870; x_wconf 63' lang='lat' dir='ltr'>A</span> 
     </span>
    </p>
   </div>
   <div class='ocr_carea' id='block_1_4' title="bbox 0 0 927 2904">
    <p class='ocr_par' dir='ltr' id='par_1_11' title="bbox 0 0 927 2904">
     <span class='ocr_line' id='line_1_42' title="bbox 0 0 927 2904; baseline 0 0"><span class='ocrx_word' id='word_1_261' title='bbox 0 0 927 2904; x_wconf 95' lang='lat' dir='ltr'> </span> 
     </span>
    </p>
   </div>
  </div>
 </body>
</html>
