<?xml version="1.0" encoding="UTF-8"?>
<!DOCTYPE html PUBLIC "-//W3C//DTD XHTML 1.0 Transitional//EN"
    "http://www.w3.org/TR/xhtml1/DTD/xhtml1-transitional.dtd">
<html xmlns="http://www.w3.org/1999/xhtml" xml:lang="en" lang="en">
 <head>
  <title>
</title>
<meta http-equiv="Content-Type" content="text/html;charset=utf-8" />
  <meta name='ocr-system' content='tesseract 3.04.00' />
  <meta name='ocr-capabilities' content='ocr_page ocr_carea ocr_par ocr_line ocrx_word'/>
</head>
<body>
  <div class='ocr_page' id='page_1' title='image "./bucolicageorgic03virggoog/bucolicageorgic03virggoog_0191.png"; bbox 0 0 1818 2914; ppageno 0'>
   <div class='ocr_carea' id='block_1_1' title="bbox 96 30 848 135">
    <p class='ocr_par' dir='ltr' id='par_1_1' title="bbox 96 30 848 135">
     <span class='ocr_line' id='line_1_1' title="bbox 96 30 848 135; baseline -0.013 -6"><span class='ocrx_word' id='word_1_1' title='bbox 96 37 102 55; x_wconf 27' lang='lat' dir='ltr'>l</span> <span class='ocrx_word' id='word_1_2' title='bbox 189 73 444 129; x_wconf 75' lang='lat' dir='ltr'>asuero-os</span> <span class='ocrx_word' id='word_1_3' title='bbox 479 30 637 120; x_wconf 66' lang='lat' dir='ltr'>ashur,</span> <span class='ocrx_word' id='word_1_4' title='bbox 688 83 747 134; x_wconf 80' lang='lat'>415·</span> <span class='ocrx_word' id='word_1_5' title='bbox 804 81 848 135; x_wconf 78' lang='lat'>¹9⁵</span> 
     </span>
    </p>
   </div>
   <div class='ocr_carea' id='block_1_2' title="bbox 68 169 901 2813">
    <p class='ocr_par' dir='ltr' id='par_1_2' title="bbox 101 169 901 903">
     <span class='ocr_line' id='line_1_2' title="bbox 101 169 901 234; baseline -0.016 -4"><span class='ocrx_word' id='word_1_6' title='bbox 101 179 217 230; x_wconf 80' lang='lat' dir='ltr'>Tandem</span> <span class='ocrx_word' id='word_1_7' title='bbox 230 172 404 224; x_wconf 82' lang='lat' dir='ltr'>transfluvium</span> <span class='ocrx_word' id='word_1_8' title='bbox 416 169 555 230; x_wconf 84' lang='lat' dir='ltr'>incolumes,</span> <span class='ocrx_word' id='word_1_9' title='bbox 565 179 693 234; x_wconf 82' lang='lat' dir='ltr'><strong>vatemque</strong></span> <span class='ocrx_word' id='word_1_10' title='bbox 702 172 834 231; x_wconf 81' lang='lat' dir='ltr'>virumque,</span> <span class='ocrx_word' id='word_1_11' title='bbox 900 201 901 204; x_wconf 56' lang='lat'><em>=</em></span> 
     </span>
     <span class='ocr_line' id='line_1_3' title="bbox 105 235 652 300; baseline -0.02 -5"><span class='ocrx_word' id='word_1_12' title='bbox 105 243 210 296; x_wconf 89' lang='lat' dir='ltr'>lnsorml</span> <span class='ocrx_word' id='word_1_13' title='bbox 221 239 290 300; x_wconf 82' lang='lat' dir='ltr'>limo,-</span> <span class='ocrx_word' id='word_1_14' title='bbox 301 238 428 300; x_wconf 82' lang='lat' dir='ltr'>glaucaque</span> <span class='ocrx_word' id='word_1_15' title='bbox 440 239 539 300; x_wconf 84' lang='lat' dir='ltr'>exponit</span> <span class='ocrx_word' id='word_1_16' title='bbox 552 239 577 285; x_wconf 90' lang='lat' dir='ltr'>in</span> <span class='ocrx_word' id='word_1_17' title='bbox 588 235 652 285; x_wconf 88' lang='lat' dir='ltr'>ulva.</span> 
     </span>
     <span class='ocr_line' id='line_1_4' title="bbox 106 300 674 367; baseline -0.018 -5"><span class='ocrx_word' id='word_1_18' title='bbox 106 314 222 362; x_wconf 82' lang='lat' dir='ltr'>Cerberus</span> <span class='ocrx_word' id='word_1_19' title='bbox 233 309 290 356; x_wconf 85' lang='lat' dir='ltr'>haec</span> <span class='ocrx_word' id='word_1_20' title='bbox 301 307 382 367; x_wconf 84' lang='lat' dir='ltr'>ingens</span> <span class='ocrx_word' id='word_1_21' title='bbox 392 303 479 353; x_wconf 84' lang='lat' dir='ltr'>latratu</span> <span class='ocrx_word' id='word_1_22' title='bbox 492 321 562 366; x_wconf 83' lang='lat' dir='ltr'>regna</span> <span class='ocrx_word' id='word_1_23' title='bbox 574 300 674 353; x_wconf 80' lang='lat' dir='ltr'>trifauci</span> 
     </span>
     <span class='ocr_line' id='line_1_5' title="bbox 107 373 831 434; baseline -0.017 -6"><span class='ocrx_word' id='word_1_24' title='bbox 107 378 232 434; x_wconf 81' lang='lat' dir='ltr'>Personat,</span> <span class='ocrx_word' id='word_1_25' title='bbox 244 373 338 424; x_wconf 86' lang='lat' dir='ltr'>aduerso</span> <span class='ocrx_word' id='word_1_26' title='bbox 349 374 462 421; x_wconf 82' lang='lat' dir='ltr'>recubans</span> <span class='ocrx_word' id='word_1_27' title='bbox 472 373 585 420; x_wconf 87' lang='lat' dir='ltr'>immanis</span> <span class='ocrx_word' id='word_1_28' title='bbox 596 373 621 418; x_wconf 93' lang='lat' dir='ltr'>in</span> <span class='ocrx_word' id='word_1_29' title='bbox 630 381 709 420; x_wconf 88' lang='lat' dir='ltr'>antro.</span> <span class='ocrx_word' id='word_1_30' title='bbox 734 375 738 385; x_wconf 84' lang='grc'><strong>“</strong></span> <span class='ocrx_word' id='word_1_31' title='bbox 824 383 831 389; x_wconf 92' lang='grc'><em>·</em></span> 
     </span>
     <span class='ocr_line' id='line_1_6' title="bbox 108 436 686 501; baseline -0.016 -6"><span class='ocrx_word' id='word_1_32' title='bbox 108 447 153 495; x_wconf 90' lang='lat' dir='ltr'>Cui</span> <span class='ocrx_word' id='word_1_33' title='bbox 164 453 236 501; x_wconf 82' lang='lat' dir='ltr'>vates,</span> <span class='ocrx_word' id='word_1_34' title='bbox 248 441 342 490; x_wconf 84' lang='lat' dir='ltr'>horrere</span> <span class='ocrx_word' id='word_1_35' title='bbox 353 441 435 486; x_wconf 86' lang='lat' dir='ltr'>videns</span> <span class='ocrx_word' id='word_1_36' title='bbox 444 438 494 500; x_wconf 81' lang='lat' dir='ltr'>jam</span> <span class='ocrx_word' id='word_1_37' title='bbox 506 436 565 486; x_wconf 80' lang='lat' dir='ltr'>colla</span> <span class='ocrx_word' id='word_1_38' title='bbox 575 437 686 497; x_wconf 87' lang='lat' dir='ltr'>colubris,</span> 
     </span>
     <span class='ocr_line' id='line_1_7' title="bbox 107 503 692 571; baseline -0.014 -11"><span class='ocrx_word' id='word_1_39' title='bbox 107 508 181 560; x_wconf 90' lang='lat' dir='ltr'>Melle</span> <span class='ocrx_word' id='word_1_40' title='bbox 193 510 325 571; x_wconf 84' lang='lat' dir='ltr'>soporatam</span> <span class='ocrx_word' id='word_1_41' title='bbox 337 516 361 555; x_wconf 85' lang='lat' dir='ltr'>et</span> <span class='ocrx_word' id='word_1_42' title='bbox 371 505 494 554; x_wconf 90' lang='lat' dir='ltr'>medicatis</span> <span class='ocrx_word' id='word_1_43' title='bbox 505 506 609 565; x_wconf 85' lang='lat' dir='ltr'>frugibus</span> <span class='ocrx_word' id='word_1_44' title='bbox 620 503 692 553; x_wconf 85' lang='lat' dir='ltr'>ossam</span> 
     </span>
     <span class='ocr_line' id='line_1_8' title="bbox 106 573 732 640; baseline -0.013 -12"><span class='ocrx_word' id='word_1_45' title='bbox 106 577 205 640; x_wconf 84' lang='lat' dir='ltr'>Objicit.</span> <span class='ocrx_word' id='word_1_46' title='bbox 225 573 275 633; x_wconf 90' lang='lat' dir='ltr'>llle,</span> <span class='ocrx_word' id='word_1_47' title='bbox 288 577 352 622; x_wconf 84' lang='lat' dir='ltr'>same</span> <span class='ocrx_word' id='word_1_48' title='bbox 363 573 444 621; x_wconf 86' lang='lat' dir='ltr'>rabida</span> <span class='ocrx_word' id='word_1_49' title='bbox 455 573 501 620; x_wconf 89' lang='lat' dir='ltr'>tria</span> <span class='ocrx_word' id='word_1_50' title='bbox 513 582 608 632; x_wconf 84' lang='lat' dir='ltr'>guttura</span> <span class='ocrx_word' id='word_1_51' title='bbox 618 574 732 633; x_wconf 83' lang='lat' dir='ltr'>pandens,</span> 
     </span>
     <span class='ocr_line' id='line_1_9' title="bbox 108 637 742 704; baseline -0.011 -10"><span class='ocrx_word' id='word_1_52' title='bbox 108 643 213 704; x_wconf 83' lang='lat' dir='ltr'>Corripit</span> <span class='ocrx_word' id='word_1_53' title='bbox 225 642 351 703; x_wconf 72' lang='lat' dir='ltr'>obietlam,</span> <span class='ocrx_word' id='word_1_54' title='bbox 363 651 436 700; x_wconf 88' lang='lat' dir='ltr'>atque</span> <span class='ocrx_word' id='word_1_55' title='bbox 447 639 562 686; x_wconf 87' lang='lat' dir='ltr'>immania</span> <span class='ocrx_word' id='word_1_56' title='bbox 573 647 637 700; x_wconf 82' lang='lat' dir='ltr'>terga</span> <span class='ocrx_word' id='word_1_57' title='bbox 649 637 742 687; x_wconf 87' lang='lat' dir='ltr'>resolvit</span> 
     </span>
     <span class='ocr_line' id='line_1_10' title="bbox 108 705 709 768; baseline -0.012 -9"><span class='ocrx_word' id='word_1_58' title='bbox 108 710 182 759; x_wconf 83' lang='lat' dir='ltr'>Fusus</span> <span class='ocrx_word' id='word_1_59' title='bbox 192 707 271 765; x_wconf 83' lang='lat' dir='ltr'>humi,</span> <span class='ocrx_word' id='word_1_60' title='bbox 283 716 382 768; x_wconf 86' lang='lat' dir='ltr'>totoque</span> <span class='ocrx_word' id='word_1_61' title='bbox 393 707 475 766; x_wconf 85' lang='lat' dir='ltr'>ingens</span> <span class='ocrx_word' id='word_1_62' title='bbox 486 705 623 754; x_wconf 72' lang='lat' dir='ltr'>extenditur</span> <span class='ocrx_word' id='word_1_63' title='bbox 633 715 709 754; x_wconf 83' lang='lat' dir='ltr'>antro.</span> 
     </span>
     <span class='ocr_line' id='line_1_11' title="bbox 108 770 654 836; baseline -0.013 -11"><span class='ocrx_word' id='word_1_64' title='bbox 108 781 221 836; x_wconf 85' lang='lat' dir='ltr'>Occupat</span> <span class='ocrx_word' id='word_1_65' title='bbox 230 777 325 821; x_wconf 81' lang='lat' dir='ltr'>Aeneas</span> <span class='ocrx_word' id='word_1_66' title='bbox 335 773 435 831; x_wconf 82' lang='lat' dir='ltr'>aditum,</span> <span class='ocrx_word' id='word_1_67' title='bbox 448 770 542 820; x_wconf 84' lang='lat' dir='ltr'>custode</span> <span class='ocrx_word' id='word_1_68' title='bbox 554 771 654 832; x_wconf 87' lang='lat' dir='ltr'>sepulto,</span> 
     </span>
     <span class='ocr_line' id='line_1_12' title="bbox 109 835 674 903; baseline -0.011 -13"><span class='ocrx_word' id='word_1_69' title='bbox 109 842 246 903; x_wconf 84' lang='lat' dir='ltr'>Evaditque</span> <span class='ocrx_word' id='word_1_70' title='bbox 257 837 316 894; x_wconf 88' lang='lat' dir='ltr'>celer</span> <span class='ocrx_word' id='word_1_71' title='bbox 326 839 402 900; x_wconf 88' lang='lat' dir='ltr'>ripam</span> <span class='ocrx_word' id='word_1_72' title='bbox 414 835 566 887; x_wconf 84' lang='lat' dir='ltr'>irremeabilis</span> <span class='ocrx_word' id='word_1_73' title='bbox 576 840 661 886; x_wconf 83' lang='lat' dir='ltr'>undae.</span> <span class='ocrx_word' id='word_1_74' title='bbox 671 869 674 878; x_wconf 42' lang='grc' dir='ltr'><em>ι</em></span> 
     </span>
    </p>

    <p class='ocr_par' dir='ltr' id='par_1_3' title="bbox 110 904 721 1164">
     <span class='ocr_line' id='line_1_13' title="bbox 145 904 697 966; baseline -0.009 -8"><span class='ocrx_word' id='word_1_75' title='bbox 145 907 267 958; x_wconf 86' lang='lat' dir='ltr'>Continuo</span> <span class='ocrx_word' id='word_1_76' title='bbox 277 906 371 956; x_wconf 84' lang='lat' dir='ltr'>auditae</span> <span class='ocrx_word' id='word_1_77' title='bbox 382 919 459 963; x_wconf 83' lang='lat' dir='ltr'>voces,</span> <span class='ocrx_word' id='word_1_78' title='bbox 471 905 563 966; x_wconf 81' lang='lat' dir='ltr'>vagitus</span> <span class='ocrx_word' id='word_1_79' title='bbox 572 915 595 954; x_wconf 88' lang='lat' dir='ltr'>et</span> <span class='ocrx_word' id='word_1_80' title='bbox 605 904 697 966; x_wconf 80' lang='lat' dir='ltr'>ingens,</span> 
     </span>
     <span class='ocr_line' id='line_1_14' title="bbox 110 971 715 1036; baseline -0.01 -12"><span class='ocrx_word' id='word_1_81' title='bbox 110 977 283 1036; x_wconf 79' lang='lat' dir='ltr'>infantumque</span> <span class='ocrx_word' id='word_1_82' title='bbox 294 973 389 1021; x_wconf 81' lang='lat' dir='ltr'>animae</span> <span class='ocrx_word' id='word_1_83' title='bbox 400 973 483 1020; x_wconf 84' lang='lat' dir='ltr'>flentes</span> <span class='ocrx_word' id='word_1_84' title='bbox 494 972 518 1018; x_wconf 89' lang='lat' dir='ltr'>in</span> <span class='ocrx_word' id='word_1_85' title='bbox 531 971 614 1018; x_wconf 87' lang='lat' dir='ltr'>limine</span> <span class='ocrx_word' id='word_1_86' title='bbox 624 972 715 1032; x_wconf 76' lang='lat' dir='ltr'>primo3</span> 
     </span>
     <span class='ocr_line' id='line_1_15' title="bbox 110 1039 721 1104; baseline -0.005 -16"><span class='ocrx_word' id='word_1_87' title='bbox 110 1043 180 1104; x_wconf 77' lang='lat' dir='ltr'>Qos</span> <span class='ocrx_word' id='word_1_88' title='bbox 189 1039 262 1090; x_wconf 89' lang='lat' dir='ltr'>dulcis</span> <span class='ocrx_word' id='word_1_89' title='bbox 274 1041 337 1088; x_wconf 79' lang='lat' dir='ltr'>vitae</span> <span class='ocrx_word' id='word_1_90' title='bbox 349 1039 460 1098; x_wconf 79' lang='lat' dir='ltr'>exsorte5‚</span> <span class='ocrx_word' id='word_1_91' title='bbox 473 1048 497 1086; x_wconf 88' lang='lat' dir='ltr'>et</span> <span class='ocrx_word' id='word_1_92' title='bbox 509 1040 538 1085; x_wconf 88' lang='lat' dir='ltr'>ab</span> <span class='ocrx_word' id='word_1_93' title='bbox 550 1040 619 1086; x_wconf 88' lang='lat' dir='ltr'>ubere</span> <span class='ocrx_word' id='word_1_94' title='bbox 631 1047 721 1100; x_wconf 87' lang='lat' dir='ltr'>raptos,</span> 
     </span>
     <span class='ocr_line' id='line_1_16' title="bbox 110 1103 675 1164; baseline -0.007 -6"><span class='ocrx_word' id='word_1_95' title='bbox 110 1105 221 1158; x_wconf 77' lang='lat' dir='ltr'>Abstulit</span> <span class='ocrx_word' id='word_1_96' title='bbox 231 1117 282 1158; x_wconf 82' lang='lat' dir='ltr'>atra</span> <span class='ocrx_word' id='word_1_97' title='bbox 293 1107 351 1164; x_wconf 89' lang='lat' dir='ltr'>dies,</span> <span class='ocrx_word' id='word_1_98' title='bbox 364 1115 388 1154; x_wconf 93' lang='lat' dir='ltr'>et</span> <span class='ocrx_word' id='word_1_99' title='bbox 399 1109 480 1153; x_wconf 89' lang='lat' dir='ltr'>sunere</span> <span class='ocrx_word' id='word_1_100' title='bbox 492 1103 571 1154; x_wconf 84' lang='lat' dir='ltr'>merfit</span> <span class='ocrx_word' id='word_1_101' title='bbox 583 1106 675 1154; x_wconf 82' lang='lat' dir='ltr'>acerbo.</span> 
     </span>
    </p>

    <p class='ocr_par' dir='ltr' id='par_1_4' title="bbox 110 1171 766 1434">
     <span class='ocr_line' id='line_1_17' title="bbox 145 1171 679 1235; baseline -0.006 -14"><span class='ocrx_word' id='word_1_102' title='bbox 145 1173 275 1235; x_wconf 81' lang='lat' dir='ltr'>Hosjuxta</span> <span class='ocrx_word' id='word_1_103' title='bbox 286 1172 344 1221; x_wconf 86' lang='lat' dir='ltr'>falso</span> <span class='ocrx_word' id='word_1_104' title='bbox 356 1173 463 1222; x_wconf 87' lang='lat' dir='ltr'>damnati</span> <span class='ocrx_word' id='word_1_105' title='bbox 476 1171 574 1220; x_wconf 88' lang='lat' dir='ltr'>crimine</span> <span class='ocrx_word' id='word_1_106' title='bbox 586 1173 679 1220; x_wconf 81' lang='lat' dir='ltr'>mortis.</span> 
     </span>
     <span class='ocr_line' id='line_1_18' title="bbox 110 1237 746 1300; baseline -0.002 -10"><span class='ocrx_word' id='word_1_107' title='bbox 110 1243 165 1290; x_wconf 85' lang='lat' dir='ltr'>Nee</span> <span class='ocrx_word' id='word_1_108' title='bbox 175 1256 230 1288; x_wconf 84' lang='lat' dir='ltr'>vero</span> <span class='ocrx_word' id='word_1_109' title='bbox 240 1239 284 1288; x_wconf 84' lang='lat' dir='ltr'>hae</span> <span class='ocrx_word' id='word_1_110' title='bbox 296 1239 342 1288; x_wconf 77' lang='lat' dir='ltr'>sine</span> <span class='ocrx_word' id='word_1_111' title='bbox 354 1239 503 1298; x_wconf 73' lang='lat' dir='ltr'>fortemne,</span> <span class='ocrx_word' id='word_1_112' title='bbox 517 1237 564 1286; x_wconf 84' lang='lat' dir='ltr'>fine</span> <span class='ocrx_word' id='word_1_113' title='bbox 573 1239 661 1300; x_wconf 82' lang='lat' dir='ltr'>judice,</span> <span class='ocrx_word' id='word_1_114' title='bbox 675 1238 746 1289; x_wconf 74' lang='lat' dir='ltr'>sedes.</span> 
     </span>
     <span class='ocr_line' id='line_1_19' title="bbox 110 1303 706 1372; baseline 0.003 -18"><span class='ocrx_word' id='word_1_115' title='bbox 110 1305 237 1372; x_wconf 81' lang='lat' dir='ltr'>Qaesrtor</span> <span class='ocrx_word' id='word_1_116' title='bbox 248 1305 329 1356; x_wconf 86' lang='lat' dir='ltr'>Minos</span> <span class='ocrx_word' id='word_1_117' title='bbox 340 1321 423 1356; x_wconf 87' lang='lat' dir='ltr'>urnam</span> <span class='ocrx_word' id='word_1_118' title='bbox 434 1315 528 1354; x_wconf 85' lang='lat' dir='ltr'>movet:</span> <span class='ocrx_word' id='word_1_119' title='bbox 548 1304 587 1353; x_wconf 89' lang='lat' dir='ltr'>ille</span> <span class='ocrx_word' id='word_1_120' title='bbox 596 1303 706 1356; x_wconf 76' lang='lat' dir='ltr'>silentum</span> 
     </span>
     <span class='ocr_line' id='line_1_20' title="bbox 111 1371 766 1434; baseline -0.002 -11"><span class='ocrx_word' id='word_1_121' title='bbox 111 1371 293 1434; x_wconf 84' lang='lat' dir='ltr'>Conciliumque</span> <span class='ocrx_word' id='word_1_122' title='bbox 304 1383 384 1431; x_wconf 78' lang='lat' dir='ltr'>rorat,</span> <span class='ocrx_word' id='word_1_123' title='bbox 395 1373 500 1434; x_wconf 86' lang='lat' dir='ltr'>vitasque</span> <span class='ocrx_word' id='word_1_124' title='bbox 512 1379 536 1420; x_wconf 92' lang='lat' dir='ltr'>et</span> <span class='ocrx_word' id='word_1_125' title='bbox 548 1371 646 1422; x_wconf 81' lang='lat' dir='ltr'>crimina</span> <span class='ocrx_word' id='word_1_126' title='bbox 657 1373 733 1422; x_wconf 84' lang='lat' dir='ltr'>discit.</span> <span class='ocrx_word' id='word_1_127' title='bbox 764 1377 766 1384; x_wconf 83' lang='grc'><strong>“</strong></span> 
     </span>
    </p>

    <p class='ocr_par' dir='ltr' id='par_1_5' title="bbox 68 1437 826 1829">
     <span class='ocr_line' id='line_1_21' title="bbox 144 1437 826 1499; baseline 0.003 -13"><span class='ocrx_word' id='word_1_128' title='bbox 144 1439 259 1488; x_wconf 81' lang='lat' dir='ltr'>Proxima</span> <span class='ocrx_word' id='word_1_129' title='bbox 270 1439 353 1486; x_wconf 85' lang='lat' dir='ltr'>deinde</span> <span class='ocrx_word' id='word_1_130' title='bbox 365 1448 447 1488; x_wconf 81' lang='lat' dir='ltr'>tenent</span> <span class='ocrx_word' id='word_1_131' title='bbox 460 1437 542 1499; x_wconf 81' lang='lat' dir='ltr'>moesti</span> <span class='ocrx_word' id='word_1_132' title='bbox 552 1438 614 1495; x_wconf 86' lang='lat' dir='ltr'>loca,</span> <span class='ocrx_word' id='word_1_133' title='bbox 627 1441 668 1499; x_wconf 93' lang='lat' dir='ltr'>qui</span> <span class='ocrx_word' id='word_1_134' title='bbox 679 1437 721 1490; x_wconf 85' lang='lat' dir='ltr'>srbi</span> <span class='ocrx_word' id='word_1_135' title='bbox 731 1437 826 1490; x_wconf 84' lang='lat' dir='ltr'>lethum</span> 
     </span>
     <span class='ocr_line' id='line_1_22' title="bbox 107 1497 654 1563; baseline -0.009 -9"><span class='ocrx_word' id='word_1_136' title='bbox 107 1502 220 1554; x_wconf 84' lang='lat' dir='ltr'>Insontes</span> <span class='ocrx_word' id='word_1_137' title='bbox 230 1500 340 1563; x_wconf 69' lang='lat' dir='ltr'>peperdre</span> <span class='ocrx_word' id='word_1_138' title='bbox 352 1517 432 1559; x_wconf 79' lang='lat' dir='ltr'>manu,</span> <span class='ocrx_word' id='word_1_139' title='bbox 448 1500 571 1562; x_wconf 88' lang='lat' dir='ltr'>lucemque</span> <span class='ocrx_word' id='word_1_140' title='bbox 582 1497 654 1560; x_wconf 78' lang='lat' dir='ltr'>perosi</span> 
     </span>
     <span class='ocr_line' id='line_1_23' title="bbox 110 1563 756 1632; baseline 0.002 -15"><span class='ocrx_word' id='word_1_141' title='bbox 110 1565 235 1632; x_wconf 75' lang='lat' dir='ltr'>Projectre</span> <span class='ocrx_word' id='word_1_142' title='bbox 246 1565 346 1614; x_wconf 84' lang='lat' dir='ltr'>animas.</span> <span class='ocrx_word' id='word_1_143' title='bbox 366 1567 444 1630; x_wconf 76' lang='lat' dir='ltr'>Qum</span> <span class='ocrx_word' id='word_1_144' title='bbox 456 1563 543 1614; x_wconf 82' lang='lat' dir='ltr'>vellent</span> <span class='ocrx_word' id='word_1_145' title='bbox 553 1566 658 1616; x_wconf 81' lang='lat' dir='ltr'>Aethere</span> <span class='ocrx_word' id='word_1_146' title='bbox 669 1569 694 1616; x_wconf 92' lang='lat' dir='ltr'>in</span> <span class='ocrx_word' id='word_1_147' title='bbox 706 1567 756 1618; x_wconf 82' lang='lat' dir='ltr'>alto</span> 
     </span>
     <span class='ocr_line' id='line_1_24' title="bbox 68 1630 704 1696; baseline -0.006 -10"><span class='ocrx_word' id='word_1_148' title='bbox 68 1653 71 1660; x_wconf 85' lang='grc'><strong><em>’</em></strong></span> <span class='ocrx_word' id='word_1_149' title='bbox 112 1630 188 1686; x_wconf 77' lang='lat' dir='ltr'>Nune</span> <span class='ocrx_word' id='word_1_150' title='bbox 199 1641 225 1682; x_wconf 83' lang='lat' dir='ltr'>ot</span> <span class='ocrx_word' id='word_1_151' title='bbox 237 1631 373 1694; x_wconf 81' lang='lat' dir='ltr'>pauperiem</span> <span class='ocrx_word' id='word_1_152' title='bbox 381 1640 405 1680; x_wconf 82' lang='lat' dir='ltr'>et</span> <span class='ocrx_word' id='word_1_153' title='bbox 414 1633 485 1680; x_wconf 88' lang='lat' dir='ltr'>duros</span> <span class='ocrx_word' id='word_1_154' title='bbox 495 1633 596 1696; x_wconf 80' lang='lat' dir='ltr'>perferre</span> <span class='ocrx_word' id='word_1_155' title='bbox 605 1630 704 1682; x_wconf 83' lang='lat' dir='ltr'>labores!</span> 
     </span>
     <span class='ocr_line' id='line_1_25' title="bbox 109 1695 703 1760; baseline -0.005 -8"><span class='ocrx_word' id='word_1_156' title='bbox 109 1705 173 1752; x_wconf 77' lang='lat' dir='ltr'>Fata</span> <span class='ocrx_word' id='word_1_157' title='bbox 184 1697 288 1758; x_wconf 83' lang='lat' dir='ltr'>obstant,</span> <span class='ocrx_word' id='word_1_158' title='bbox 301 1695 408 1760; x_wconf 76' lang='lat' dir='ltr'>tristique</span> <span class='ocrx_word' id='word_1_159' title='bbox 419 1695 487 1760; x_wconf 86' lang='lat' dir='ltr'>palus</span> <span class='ocrx_word' id='word_1_160' title='bbox 497 1696 630 1748; x_wconf 82' lang='lat' dir='ltr'>inamabilis</span> <span class='ocrx_word' id='word_1_161' title='bbox 640 1701 703 1750; x_wconf 87' lang='lat' dir='ltr'>unda</span> 
     </span>
     <span class='ocr_line' id='line_1_26' title="bbox 112 1760 655 1829; baseline -0.007 -10"><span class='ocrx_word' id='word_1_162' title='bbox 112 1766 218 1829; x_wconf 72' lang='lat' dir='ltr'>Alligat,</span> <span class='ocrx_word' id='word_1_163' title='bbox 230 1775 255 1816; x_wconf 94' lang='lat' dir='ltr'>et</span> <span class='ocrx_word' id='word_1_164' title='bbox 267 1764 348 1815; x_wconf 85' lang='lat' dir='ltr'>novies</span> <span class='ocrx_word' id='word_1_165' title='bbox 358 1760 419 1827; x_wconf 65' lang='lat' dir='ltr'>Stin</span> <span class='ocrx_word' id='word_1_166' title='bbox 430 1763 542 1814; x_wconf 85' lang='lat' dir='ltr'>interfusa</span> <span class='ocrx_word' id='word_1_167' title='bbox 556 1769 655 1816; x_wconf 67' lang='lat' dir='ltr'>coercet.</span> 
     </span>
    </p>

    <p class='ocr_par' dir='ltr' id='par_1_6' title="bbox 110 1830 844 2760">
     <span class='ocr_line' id='line_1_27' title="bbox 148 1830 837 1894; baseline -0.006 -10"><span class='ocrx_word' id='word_1_168' title='bbox 148 1837 199 1884; x_wconf 88' lang='lat' dir='ltr'>Nec</span> <span class='ocrx_word' id='word_1_169' title='bbox 209 1831 292 1894; x_wconf 86' lang='lat' dir='ltr'>procul</span> <span class='ocrx_word' id='word_1_170' title='bbox 302 1831 358 1882; x_wconf 89' lang='lat' dir='ltr'>hinc</span> <span class='ocrx_word' id='word_1_171' title='bbox 369 1841 462 1893; x_wconf 84' lang='lat' dir='ltr'>partem</span> <span class='ocrx_word' id='word_1_172' title='bbox 475 1830 517 1880; x_wconf 82' lang='lat' dir='ltr'>susi</span> <span class='ocrx_word' id='word_1_173' title='bbox 531 1831 691 1886; x_wconf 81' lang='lat' dir='ltr'>monstrantur</span> <span class='ocrx_word' id='word_1_174' title='bbox 703 1835 728 1884; x_wconf 87' lang='lat' dir='ltr'>in</span> <span class='ocrx_word' id='word_1_175' title='bbox 739 1848 837 1884; x_wconf 80' lang='lat' dir='ltr'>omnem</span> 
     </span>
     <span class='ocr_line' id='line_1_28' title="bbox 111 1897 659 1962; baseline -0.004 -10"><span class='ocrx_word' id='word_1_176' title='bbox 111 1905 234 1962; x_wconf 80' lang='lat' dir='ltr'>Lugentes</span> <span class='ocrx_word' id='word_1_177' title='bbox 245 1899 337 1960; x_wconf 87' lang='lat' dir='ltr'>campi:</span> <span class='ocrx_word' id='word_1_178' title='bbox 356 1897 387 1948; x_wconf 82' lang='lat' dir='ltr'>fic</span> <span class='ocrx_word' id='word_1_179' title='bbox 398 1898 555 1948; x_wconf 87' lang='lat' dir='ltr'>illosnomine</span> <span class='ocrx_word' id='word_1_180' title='bbox 567 1897 659 1950; x_wconf 87' lang='lat' dir='ltr'>dicunt.</span> 
     </span>
     <span class='ocr_line' id='line_1_29' title="bbox 111 1965 678 2029; baseline 0 -12"><span class='ocrx_word' id='word_1_181' title='bbox 111 1965 172 2024; x_wconf 84' lang='lat' dir='ltr'>Hic,</span> <span class='ocrx_word' id='word_1_182' title='bbox 185 1979 245 2028; x_wconf 86' lang='lat' dir='ltr'>quos</span> <span class='ocrx_word' id='word_1_183' title='bbox 256 1968 404 2014; x_wconf 80' lang='lat' dir='ltr'>durusamor</span> <span class='ocrx_word' id='word_1_184' title='bbox 414 1965 502 2014; x_wconf 85' lang='lat' dir='ltr'>crudeli</span> <span class='ocrx_word' id='word_1_185' title='bbox 513 1968 568 2016; x_wconf 86' lang='lat' dir='ltr'>tabe</span> <span class='ocrx_word' id='word_1_186' title='bbox 577 1969 678 2029; x_wconf 85' lang='lat' dir='ltr'>peredit,</span> 
     </span>
     <span class='ocr_line' id='line_1_30' title="bbox 110 2029 610 2093; baseline -0.008 -9"><span class='ocrx_word' id='word_1_187' title='bbox 110 2035 201 2084; x_wconf 72' lang='lat' dir='ltr'>secreti</span> <span class='ocrx_word' id='word_1_188' title='bbox 211 2029 289 2080; x_wconf 82' lang='lat' dir='ltr'>celant</span> <span class='ocrx_word' id='word_1_189' title='bbox 297 2029 376 2091; x_wconf 89' lang='lat' dir='ltr'>calles,</span> <span class='ocrx_word' id='word_1_190' title='bbox 388 2042 413 2079; x_wconf 87' lang='lat' dir='ltr'>et</span> <span class='ocrx_word' id='word_1_191' title='bbox 422 2043 514 2093; x_wconf 88' lang='lat' dir='ltr'>myrtea</span> <span class='ocrx_word' id='word_1_192' title='bbox 522 2033 610 2080; x_wconf 83' lang='lat' dir='ltr'>cirrum</span> 
     </span>
     <span class='ocr_line' id='line_1_31' title="bbox 112 2096 754 2162; baseline 0.005 -18"><span class='ocrx_word' id='word_1_193' title='bbox 112 2096 187 2162; x_wconf 78' lang='lat' dir='ltr'>Sylva</span> <span class='ocrx_word' id='word_1_194' title='bbox 197 2097 263 2158; x_wconf 78' lang='lat' dir='ltr'>tegit.</span> <span class='ocrx_word' id='word_1_195' title='bbox 282 2100 358 2147; x_wconf 87' lang='lat' dir='ltr'>Curae</span> <span class='ocrx_word' id='word_1_196' title='bbox 367 2113 417 2144; x_wconf 86' lang='lat' dir='ltr'>non</span> <span class='ocrx_word' id='word_1_197' title='bbox 428 2098 476 2158; x_wconf 87' lang='lat' dir='ltr'>ipsa</span> <span class='ocrx_word' id='word_1_198' title='bbox 487 2100 512 2145; x_wconf 88' lang='lat' dir='ltr'>in</span> <span class='ocrx_word' id='word_1_199' title='bbox 521 2108 597 2146; x_wconf 87' lang='lat' dir='ltr'>morte</span> <span class='ocrx_word' id='word_1_200' title='bbox 608 2097 754 2162; x_wconf 77' lang='lat' dir='ltr'>relinquunt.</span> 
     </span>
     <span class='ocr_line' id='line_1_32' title="bbox 111 2162 844 2230; baseline -0.004 -13"><span class='ocrx_word' id='word_1_201' title='bbox 111 2165 160 2217; x_wconf 75' lang='lat' dir='ltr'>uis</span> <span class='ocrx_word' id='word_1_202' title='bbox 167 2165 297 2214; x_wconf 84' lang='lat' dir='ltr'>Phaedram</span> <span class='ocrx_word' id='word_1_203' title='bbox 311 2164 454 2224; x_wconf 86' lang='lat' dir='ltr'>Procrinque</span> <span class='ocrx_word' id='word_1_204' title='bbox 465 2162 532 2223; x_wconf 85' lang='lat' dir='ltr'>locis,</span> <span class='ocrx_word' id='word_1_205' title='bbox 544 2162 704 2227; x_wconf 76' lang='lat' dir='ltr'>moestamque</span> <span class='ocrx_word' id='word_1_206' title='bbox 716 2163 844 2230; x_wconf 81' lang='lat' dir='ltr'>Eriphylen</span> 
     </span>
     <span class='ocr_line' id='line_1_33' title="bbox 112 2227 671 2292; baseline -0.005 -10"><span class='ocrx_word' id='word_1_207' title='bbox 112 2229 221 2283; x_wconf 79' lang='lat' dir='ltr'>crudelis</span> <span class='ocrx_word' id='word_1_208' title='bbox 232 2231 284 2280; x_wconf 88' lang='lat' dir='ltr'>nati</span> <span class='ocrx_word' id='word_1_209' title='bbox 295 2227 466 2278; x_wconf 82' lang='lat' dir='ltr'>monstrantem</span> <span class='ocrx_word' id='word_1_210' title='bbox 478 2228 576 2277; x_wconf 81' lang='lat' dir='ltr'>vulnera</span> <span class='ocrx_word' id='word_1_211' title='bbox 587 2230 671 2292; x_wconf 88' lang='lat' dir='ltr'>cernit,</span> 
     </span>
     <span class='ocr_line' id='line_1_34' title="bbox 110 2293 677 2360; baseline -0.004 -12"><span class='ocrx_word' id='word_1_212' title='bbox 110 2299 283 2360; x_wconf 83' lang='lat' dir='ltr'>Evadnenque,</span> <span class='ocrx_word' id='word_1_213' title='bbox 295 2306 320 2346; x_wconf 92' lang='lat' dir='ltr'>et</span> <span class='ocrx_word' id='word_1_214' title='bbox 332 2294 477 2356; x_wconf 76' lang='lat' dir='ltr'>Pasipha&#39;e&#39;n:</span> <span class='ocrx_word' id='word_1_215' title='bbox 496 2295 535 2345; x_wconf 87' lang='lat' dir='ltr'>his</span> <span class='ocrx_word' id='word_1_216' title='bbox 546 2293 677 2346; x_wconf 86' lang='lat' dir='ltr'>Laodamia</span> 
     </span>
     <span class='ocr_line' id='line_1_35' title="bbox 113 2362 836 2427; baseline 0.001 -14"><span class='ocrx_word' id='word_1_217' title='bbox 113 2367 138 2414; x_wconf 89' lang='lat' dir='ltr'>lt</span> <span class='ocrx_word' id='word_1_218' title='bbox 150 2379 240 2413; x_wconf 81' lang='lat' dir='ltr'>eomes:</span> <span class='ocrx_word' id='word_1_219' title='bbox 258 2373 283 2412; x_wconf 84' lang='lat' dir='ltr'>et</span> <span class='ocrx_word' id='word_1_220' title='bbox 291 2362 385 2426; x_wconf 80' lang='lat' dir='ltr'>juvenis</span> <span class='ocrx_word' id='word_1_221' title='bbox 393 2365 524 2424; x_wconf 80' lang='lat' dir='ltr'>quondam,</span> <span class='ocrx_word' id='word_1_222' title='bbox 537 2377 600 2412; x_wconf 83' lang='lat' dir='ltr'>nunc</span> <span class='ocrx_word' id='word_1_223' title='bbox 610 2365 708 2426; x_wconf 84' lang='lat' dir='ltr'>semina,</span> <span class='ocrx_word' id='word_1_224' title='bbox 722 2368 836 2427; x_wconf 84' lang='lat' dir='ltr'>Caeneus,</span> 
     </span>
     <span class='ocr_line' id='line_1_36' title="bbox 112 2427 678 2491; baseline -0.005 -8"><span class='ocrx_word' id='word_1_225' title='bbox 112 2430 202 2483; x_wconf 86' lang='lat' dir='ltr'>Rursus</span> <span class='ocrx_word' id='word_1_226' title='bbox 213 2441 237 2482; x_wconf 91' lang='lat' dir='ltr'>et</span> <span class='ocrx_word' id='word_1_227' title='bbox 249 2431 274 2478; x_wconf 88' lang='lat' dir='ltr'>in</span> <span class='ocrx_word' id='word_1_228' title='bbox 284 2440 386 2478; x_wconf 85' lang='lat' dir='ltr'>veterem</span> <span class='ocrx_word' id='word_1_229' title='bbox 395 2432 447 2476; x_wconf 83' lang='lat' dir='ltr'>sato</span> <span class='ocrx_word' id='word_1_230' title='bbox 455 2427 560 2480; x_wconf 79' lang='lat' dir='ltr'>revoluta</span> <span class='ocrx_word' id='word_1_231' title='bbox 572 2427 678 2491; x_wconf 51' lang='lat' dir='ltr'>fihuram.</span> 
     </span>
     <span class='ocr_line' id='line_1_37' title="bbox 111 2493 678 2557; baseline -0.002 -10"><span class='ocrx_word' id='word_1_232' title='bbox 111 2499 180 2547; x_wconf 82' lang='lat' dir='ltr'>luter</span> <span class='ocrx_word' id='word_1_233' title='bbox 191 2513 249 2557; x_wconf 85' lang='lat' dir='ltr'>quas</span> <span class='ocrx_word' id='word_1_234' title='bbox 258 2493 382 2544; x_wconf 82' lang='lat' dir='ltr'>Phoenissa</span> <span class='ocrx_word' id='word_1_235' title='bbox 392 2511 472 2544; x_wconf 78' lang='lat' dir='ltr'>reeens</span> <span class='ocrx_word' id='word_1_236' title='bbox 484 2495 498 2544; x_wconf 71' lang='lat' dir='ltr'>a</span> <span class='ocrx_word' id='word_1_237' title='bbox 508 2494 603 2544; x_wconf 86' lang='lat' dir='ltr'>vnlnere</span> <span class='ocrx_word' id='word_1_238' title='bbox 612 2498 678 2546; x_wconf 91' lang='lat' dir='ltr'>Dido</span> 
     </span>
     <span class='ocr_line' id='line_1_38' title="bbox 110 2563 719 2625; baseline 0.002 -13"><span class='ocrx_word' id='word_1_239' title='bbox 110 2565 216 2613; x_wconf 85' lang='lat' dir='ltr'>Errabat</span> <span class='ocrx_word' id='word_1_240' title='bbox 227 2563 290 2625; x_wconf 74' lang='lat' dir='ltr'>sylva</span> <span class='ocrx_word' id='word_1_241' title='bbox 301 2563 325 2610; x_wconf 90' lang='lat' dir='ltr'>in</span> <span class='ocrx_word' id='word_1_242' title='bbox 339 2577 438 2623; x_wconf 80' lang='lat' dir='ltr'>magua:</span> <span class='ocrx_word' id='word_1_243' title='bbox 458 2579 530 2624; x_wconf 88' lang='lat' dir='ltr'>quarn</span> <span class='ocrx_word' id='word_1_244' title='bbox 542 2565 631 2612; x_wconf 85' lang='lat' dir='ltr'>Troius</span> <span class='ocrx_word' id='word_1_245' title='bbox 642 2564 719 2624; x_wconf 87' lang='lat' dir='ltr'>heros,</span> 
     </span>
     <span class='ocr_line' id='line_1_39' title="bbox 112 2627 759 2692; baseline 0 -14"><span class='ocrx_word' id='word_1_246' title='bbox 112 2633 149 2678; x_wconf 86' lang='lat' dir='ltr'>Ut</span> <span class='ocrx_word' id='word_1_247' title='bbox 164 2627 267 2688; x_wconf 69' lang='lat' dir='ltr'>prinlum</span> <span class='ocrx_word' id='word_1_248' title='bbox 276 2630 346 2692; x_wconf 79' lang='lat' dir='ltr'>juxta</span> <span class='ocrx_word' id='word_1_249' title='bbox 357 2629 430 2688; x_wconf 86' lang='lat' dir='ltr'>stetit,</span> <span class='ocrx_word' id='word_1_250' title='bbox 442 2629 586 2692; x_wconf 78' lang='lat' dir='ltr'>agnovitque</span> <span class='ocrx_word' id='word_1_251' title='bbox 597 2646 639 2692; x_wconf 90' lang='lat' dir='ltr'>per</span> <span class='ocrx_word' id='word_1_252' title='bbox 648 2633 759 2680; x_wconf 85' lang='lat' dir='ltr'>umbram</span> 
     </span>
     <span class='ocr_line' id='line_1_40' title="bbox 112 2694 697 2760; baseline -0.003 -14"><span class='ocrx_word' id='word_1_253' title='bbox 112 2694 258 2754; x_wconf 66' lang='lat' dir='ltr'>Obscuram</span> <span class='ocrx_word' id='word_1_254' title='bbox 277 2694 370 2758; x_wconf 88' lang='lat' dir='ltr'>qualem</span> <span class='ocrx_word' id='word_1_255' title='bbox 381 2696 458 2760; x_wconf 88' lang='lat' dir='ltr'>primo</span> <span class='ocrx_word' id='word_1_256' title='bbox 470 2697 511 2758; x_wconf 86' lang='lat' dir='ltr'>qui</span> <span class='ocrx_word' id='word_1_257' title='bbox 520 2696 697 2758; x_wconf 79' lang='lat' dir='ltr'>surgeremense</span> 
     </span>
    </p>

    <p class='ocr_par' dir='ltr' id='par_1_7' title="bbox 472 2767 530 2813">
     <span class='ocr_line' id='line_1_41' title="bbox 472 2767 530 2813; baseline 0.017 -1"><span class='ocrx_word' id='word_1_258' title='bbox 472 2767 495 2812; x_wconf 92' lang='lat' dir='ltr'>R</span> <span class='ocrx_word' id='word_1_259' title='bbox 515 2775 530 2813; x_wconf 73' lang='lat'>2</span> 
     </span>
    </p>
   </div>
   <div class='ocr_carea' id='block_1_3' title="bbox 0 0 922 2914">
    <p class='ocr_par' dir='ltr' id='par_1_8' title="bbox 0 0 922 2914">
     <span class='ocr_line' id='line_1_42' title="bbox 0 0 922 2914; baseline 0 0"><span class='ocrx_word' id='word_1_260' title='bbox 0 0 922 2914; x_wconf 95' lang='lat' dir='ltr'> </span> 
     </span>
    </p>
   </div>
  </div>
 </body>
</html>
