1806 2912
160 72 415 122 nunninus
449 68 611 117 Linrx.
664 73 720 126 747.
772 61 820 124 267
893 55 894 82 l

893 119 894 144 l

78 175 119 221 Ae
129 187 179 219 non
189 161 236 220 lroc
247 167 331 226 telum,
343 183 395 215 mea
407 167 472 229 quod
482 165 506 212 ri
517 166 615 213 dextera
625 163 709 222 versat,

79 236 196 298 Effugiesa
216 252 291 297 neque
302 235 367 283 enim
378 235 397 282 is
408 233 460 292 teli,
473 249 516 280 nec
527 230 629 279 vulneris
639 232 728 280 aanor.

81 305 119 353 Sic
130 305 177 363 ait3
197 314 221 353 et
232 301 348 351 sublatum
361 300 410 352 ulte
418 299 553 360 consurgit'
547 315 571 345 m
584 298 682 354 ensem,

81 375 115 419 Et
127 340 229 418 mediam
241 373 302 417 serto
315 369 409 430 gemina
420 368 484 415 inter
493 375 602 426 tempora
613 367 718 412 frontem

9 461 11 480 ι
81 437 186 496 Dividit,
198 435 367 497 impubesque'
361 437 461 482 immam
454 431 566 480 vnlnere
578 429 661 480 malas

9 491 11 526 5
83 504 121 552 Fit
134 502 216 551 sonus:
235 504 326 564 ingenti
338 497 444 550 conculsa
456 499 489 548 esi
499 501 602 560 pondere
613 496 706 554 tellus,

83 568 204 630 Collapsos
216 581 280 618 artus
292 580 364 630 atque
376 566 441 616 arma
452 577 549 615 eruenta
563 567 657 614 cerebro

83 637 173 685 Sternit
184 635 252 684 humi
262 636 379 698 moriens.
398 645 471 696 atque
482 631 517 680 illi
528 633 634 694 partibus
643 629 724 692 aequis

81 705 136 751 Huc
148 713 221 762 caput
231 713 303 763 atque
314 701 369 754 illnc
379 702 495 749 humero
489 715 525 747 ex
530 709 631 759 utroque
642 695 763 758 pependit.

82 749 221 828 Diffugiunt
229 767 286 816 rersr
294 767 386 829 trepida
399 767 619 816 ἱοιιιιίᾶίιιοΤιοὲε.

82 837 127 894 Et,
141 834 280 882 sicontinuo
290 833 400 882 victorem
412 851 439 882 ea
449 850 503 882 cura
514 829 618 890 subisset,

9 911 10 918 ¹
83 905 206 962 Rumpere
217 899 315 949 claustra
326 917 407 958 manu,
420 899 553 962 sociosque'
547 899 677 946 immittere
684 895 784 976 portis,¹
823 921 826 928 ι

9 971 10 976 ’
83 967 191 1016 Ultimus
202 966 241 1016 ille
253 967 302 1015 dies
313 965 375 1016 bello
387 968 497 1028 gentique
506 963 592 1014 fuisset
634 989 641 998 ·
702 989 705 996 ι
802 967 809 978 ”

84 1035 130 1083 Sed
142 1037 206 1082 furor
217 1036 340 1082 ardentem
351 1033 472 1095 caedisque
481 1017 561 1082 insama
573 1031 659 1092 cupido

85 1101 160 1160 Egit*
155 1116 180 1148 m
192 1101 306 1150 aduersos.

86 1167 206 1228 Principio
214 1167 343 1228 Phalarim,
356 1177 381 1218 et
392 1167 476 1216 succiso
488 1165 579 1229 poplite
590 1171 675 1230 Gygen
750 1172 753 1176 '
893 1189 894 1230 3

9 1239 10 1248 ¹
85 1233 197 1295 Excipit:
216 1234 272 1283 hinc
283 1245 363 1298 raptas
375 1235 519 1296 fngientibus
531 1235 616 1297 ingerit
627 1233 704 1282 hastas
750 1254 753 1260 ¹
810 1238 819 1272 l
893 1277 894 1290 ,

85 1302 113 1347 ln
124 1311 225 1362 tergum.
244 1304 308 1366 June
319 1303 378 1350 vires
389 1303 544 1366 animumque
557 1301 681 1350 ministrat.

85 1367 166 1416 Addit
177 1367 257 1429 Halyn
270 1370 393 1448 comitem,
406 1375 430 1418 e't
442 1370 536 1418 confixa
548 1369 640 1428 Phegea
652 1381 748 1428 parma·

85 1434 391 1490 Ignaroedeindeinmnria
393 1439 565 1494 ,Martemque
576 1435 673 1491 cientes,
759 1435 826 1507 [que‚
893 1481 894 1494 ,

9 1551 10 1556 ¹
86 1496 293 1558 Alcandrumque,
312 1471 466 1565 Haliumque,
487 1501 670 1559 Noemonaque,
690 1495 828 1560 Prytanirn-
878 1507 894 1564 ’,ᾗ

9 1585 10 1590 ’
85 1566 184 1623 Lyncea
193 1563 331 1613 tendentem
341 1575 433 1623 contra,
446 1563 563 1626 sociosque
573 1573 707 1624 vocantem,
755 1579 758 1584 ·
841 1569 894 1598 “³

85 1630 196 1678 vibranti
208 1627 287 1691 gladio
298 1633 413 1680 connixus
424 1633 454 1678 ab
466 1647 547 1692 aggere
559 1632 641 1680 dexter
711 1667 713 1677 .

9 1721 10 1738 ι
86 1699 208 1757 Occupat:
229 1697 283 1746 hnic
294 1715 343 1746 uno
353 1697 389 1760 dej
391 1699 467 1746 etium
480 1697 587 1745 cominus
597 1698 645 1746 imi
721 1697 728 1702 ’

86 1766 149 1812 Cum
162 1762 227 1824 galea
239 1763 307 1826 longe
315 1763 390 1828 jacuit
401 1774 488 1826 caput:
507 1765 562 1812 inde
573 1767 675 1812 serarum

85 1828 232 1879 Vastatorem
245 1834 377 1892 Amycum,
390 1848 438 1893 quo
450 1847 498 1880 non
509 1831 599 1880 felicior
609 1829 670 1880 alter
751 1884 752 1892 ἵ

85 1899 182 1957 Ungere
192 1895 239 1944 tela
251 1913 333 1956 manu,
346 1900 481 1961 ferrumque
493 1915 583 1948 armare
592 1914 698 1948 ueneno:
752 1898 755 1907 ’

9 1959 11 1998 l
87 1961 121 2010 Et
131 1961 236 2022 Clytium
247 1962 375 2023 Aeoliden,
386 1975 411 2014 et
420 1967 523 2014 amicum
533 1969 617 2014 Cretea
625 1964 714 2022 Musis3

9 2031 10 2034 ’
88 2031 173 2076 Cretea
184 2028 305 2075 Musarum
318 2031 440 2090 comitem,
454 2034 489 2079 cui
501 2031 606 2079 carmina
617 2031 717 2091 semper,

9 2147 11 2150 ,
78 2097 121 2142 ·Et
131 2092 234 2141 citharae
244 2095 317 2152 cordi,
328 2097 481 2156 numerosque
493 2097 615 2145 intendere
627 2097 718 2144 nervis:

9 2191 11 2196 ,
89 2163 187 2220 Semper
197 2176 280 2222 equos,
292 2169 364 2222 atque
372 2178 441 2210 arma
453 2159 540 2221 virrim,
555 2162 691 2223 pugnasque
702 2163 811 2212 canebat.

9 2227 10 2230 ’
121 2228 232 2276 Tandem
243 2229 360 2287 dutiores,
371 2228 452 2276 audita
461 2230 530 2276 caede
541 2229 644 2287 suornm,

88 2295 242 2342 conueniunt
250 2295 347 2353 Teucri,
357 2293 502 2354 Mnestheus,
515 2311 613 2356 acerque
619 2294 736 2345 Serestus

87 2355 244 2421 Palantesque
253 2361 336 2410 vident
344 2361 425 2420 socios,
437 2360 574 2423 hostemque
585 2373 714 2424 receptum.

87 2428 122 2473 Et
131 2425 280 2476 Mnestheus·
302 2429 356 2493 Qo
327 2429 449 2477 demde
449 2431 546 2490 fugam,
559 2439 607 2490 quo
616 2428 747 2478 tenditisi'
741 2430 829 2498 inquit.
893 2485 894 2488 Ἴ

9 2551 10 2560 ¹
89 2493 158 2555 Qus
169 2490 226 2540 alios
235 2508 323 2553 manos,
335 2495 454 2558 quaejam
466 2493 529 2544 ultra
542 2498 634 2544 moenia
642 2497 749 2548 habetis?
828 2484 832 2498 “

9 2561 25 2601 ἰ
90 2562 160 2605 Unus
170 2558 253 2616 homo
265 2571 289 2608 et
299 2561 387 2620 resins
401 2559 496 2622 dcives,
508 2563 613 2624 undique
622 2559 704 2624 septus
757 2621 760 2628 ,
806 2590 808 2600 ·

90 2624 233 2684 Aggeribus,
244 2636 324 2675 tantas
336 2626 437 2706 strages
431 2645 528 2690 impune
536 2645 577 2690 per
585 2632 667 2678 urbem

92 2689 237 2740 Ediderit''
230 2707 342 2754 Juvenum
354 2696 443 2756 primos
455 2705 494 2744 tot
505 2697 599 2748 miserit
605 2694 710 2745 Orco?

172 2763 186 2784 ¹
429 2767 481 2811 Za

810 2809 894 2884 f*
