1804 2904
18 26 21 29 ’
89 41 121 106 33
233 33 686 94 unone.nrur.41a.

88 141 212 186 Mutavere
224 136 283 196 vias3
303 147 328 184 et
337 137 430 200 Jupiter
440 135 552 182 humidus
558 132 652 185 Austris

87 203 187 262 Densat,
200 213 268 255 erant
278 220 337 265 quae
348 219 398 249 rara
408 203 489 259 modo,
501 210 535 258 et,
548 215 609 262 quae
617 197 696 256 densa,
709 192 816 249 reusam
887 239 888 252 χ

87 274 219 318 Vertuntur
227 271 311 331 species
322 269 465 326 animorum,
477 277 501 316 et
511 271 605 328 pestora
616 273 696 314 motus
800 278 806 282 ·
853 257 857 276 '
887 253 888 264 ¹

88 341 113 386 N
116 355 161 386 unc
172 336 239 396 alios,
254 335 320 394 alios,
333 337 389 382 dum
403 334 483 382 nubila
490 346 575 384 ventus
584 335 677 395 agebat,

14 423 15 426 ¹
88 405 241 474 Concipiupt.
260 403 323 450 Hinc
332 401 371 451 illc
382 403 461 450 arrium
470 412 598 452 concentus
608 402 632 450 iu
642 399 711 460 agris,

88 475 122 522 Et
132 471 207 524 laetae
214 471 322 532 pecudes,
333 480 357 518 et
369 481 467 519 ovantes
476 480 570 530 gutture
579 469 649 517 corvi.
764 515 769 524 l

80 595 86 605 ι
122 541 147 590 Si
157 556 211 587 vero
223 535 301 585 Solem
314 539 345 585 ad
356 539 465 598 rapidum
477 537 604 598 Lunasque
616 535 738 610 sequentes
773 530 779 538 “

89 607 177 656 Ordine
187 605 304 665 respicies;
325 621 448 666 nunquam
459 614 483 652 te
492 603 591 652 crastina
604 601 671 650 fallet

87 678 163 731 Hora,
176 689 252 732 neque
263 671 351 722 insidiis
362 673 436 726 nostis
445 672 535 732 capiere
545 671 644 719 serenae.
738 726 741 732 Δ

87 745 158 790 Luna
166 749 297 787 reverentes
306 741 360 788 edm
372 741 477 800 primum
487 736 576 798 colligit
588 739 662 798 ignes,
737 733 739 738 ’

88 809 112 856 si
123 807 217 867 nigrum
226 806 323 854 obscuro
333 806 506 866 comprenderit
519 809 572 852 aera
583 820 668 860 eornm
683 833 692 855 x

88 873 211 922 Maximus
220 873 327 936 agricolis
336 871 465 935 pelagoque
474 871 595 932 parabitur
603 869 686 916 imber.

86 946 133 1000 At,
147 939 162 988 sr
172 937 303 1001 virgineum
313 934 434 989 suffuderit
443 956 482 988 ore
492 941 615 996 ruborem,v

87 1011 179 1058 Ventus
188 1010 247 1058 erit:
267 1019 340 1058 vento
350 1008 440 1069 semper
449 1008 516 1054 rubet
530 1021 597 1054 aurea
608 1000 710 1051 Phoebe.

88 1077 131 1126 Sin
140 1087 194 1126 ortu
206 1077 231 1124 in
244 1087 330 1138 quarto
344 1076 459 1136 (namque
472 1075 491 1120 'rs
502 1069 640 1118 certissimus
651 1063 743 1128 audior)

88 1146 160 1204 Pura,
174 1161 250 1204 neque
261 1140 349 1191 obtusn
361 1155 403 1199 per
414 1135 505 1184 coelum
515 1135 624 1184 cornibus
636 1133 694 1191 ibit3

87 1213 167 1262 Totus
179 1221 203 1259 et
215 1209 253 1256 ille
265 1209 322 1265 dies,
335 1214 359 1254 et
371 1205 412 1266 qui
425 1203 548 1252 nascentur
559 1203 588 1250 ab
601 1199 651 1260 illo,

87 1281 206 1333 Exastum
218 1277 248 1323 ad
260 1273 373 1331 mensem,
385 1270 465 1334 pluria
477 1269 598 1331 ventisque
609 1269 736 1317 carebunt:

87 1349 197 1406 Votaque
207 1341 289 1390 serrati
301 1338 391 1388 solvent
402 1339 427 1386 in
440 1335 507 1388 litore
518 1346 604 1384 nautae

89 1411 189 1469 Glauco,
203 1419 227 1457 et
237 1411 368 1469 Panopeae,
381 1416 405 1455 et
416 1409 474 1454 luno
485 1403 629 1454 blelicertae.

123 1476 164 1528 Sol
175 1492 279 1539 qunque,
291 1470 315 1524 et
324 1474 440 1532 exoriens,
453 1483 477 1522 et
489 1474 544 1522 crim
557 1471 674 1519 secundet
685 1469 711 1516 in
723 1469 809 1529 undas,

89 1547 161 1608 Signa
169 1545 243 1594 dabit.
264 1541 342 1592 Solem
351 1539 549 1602 certissimasrgna
561 1537 699 1599 sequuntur,
887 1541 888 1546 ’

88 1619 123 1664 Et
133 1629 192 1676 quae
202 1627 272 1660 mane
281 1613 362 1668 refert,
373 1619 398 1658 et
409 1625 469 1670 quae
481 1607 627 1669 surgentibus
636 1603 709 1654 astris.

86 1681 131 1732 ille
141 1683 182 1730 ubi
193 1681 327 1728 nascentem
337 1675 434 1725 maculis
443 1675 566 1724 variaverit
578 1683 658 1720 ortum

89 1750 208 1800 Conditus
217 1749 241 1794 in
251 1749 348 1801 nubem,
362 1745 487 1800 medioque
499 1739 608 1797 refugerit
617 1739 687 1790 orbe;

89 1817 192 1877 Suspesii
203 1813 246 1860 tibi
255 1811 300 1857 srnt
311 1811 410 1853 imbres:
430 1821 533 1862 namque
541 1812 608 1861 urget
616 1803 645 1847 ab
657 1797 707 1848 alto

89 1877 268 1934 Arboribusque
280 1871 379 1930 satisque
388 1873 476 1926 Notus,
489 1869 614 1928 pecorique
626 1865 721 1916 smilier.

90 1953 145 1996 Aut
154 1943 194 1991 ubi
203 1939 243 1986 sub
256 1937 330 1984 lucem
341 1936 411 1984 densa
419 1935 482 1984 inter
490 1933 571 1983 nubila
583 1935 627 1982 sese

73 2005 78 2020 ’
89 2007 181 2064 Diversi
194 2013 306 2066 rumpent
316 2004 386 2062 radii3
406 2013 447 2050 aut
458 2004 499 2050 ubi
509 2001 597 2064 pallida
607 2003 685 2063 surget
736 2038 743 2046 ,

89 2076 193 2130 Tithoni
203 2087 310 2122 croceum
318 2069 428 2131 linquens
436 2074 530 2118 Aurora
539 2067 629 2118 cubile:

90 2151 153 2202 Heu,
166 2139 289 2192 maletum
299 2139 368 2186 mites
379 2138 491 2186 desendet
501 2137 628 2204 pampinus
637 2151 704 2192 υνυς

89 2217 154 2264 Tam
167 2205 244 2256 multa
255 2207 279 2252 in
289 2206 356 2253 testis
365 2206 482 2266 crepitans
492 2203 543 2254 salit
555 2203 649 2251 horrida
658 2201 757 2262 grando·

90 2284 144 2332 Hoc
155 2277 237 2334 etiam,
249 2272 343 2320 emenso
354 2274 409 2320 crim
420 2273 470 2334 jum
482 2268 700 2332 decedetOIympo,

92 2343 211 2398 Profuerit
222 2336 351 2388 meminisse
361 2339 448 2401 magis:
469 2355 525 2386 narn
534 2339 601 2398 saepe
609 2337 715 2386 videmus

91 2413 165 2478 lpsrus
174 2411 199 2458 in
208 2405 275 2457 vultu
283 2409 358 2456 varios
367 2424 441 2456 errare
450 2405 545 2456 colores.

93 2476 217 2531 Caeruleus
226 2473 330 2537 pluriam
342 2475 481 2532 denuntiat3
501 2477 582 2536 igneus
589 2475 673 2522 Euros.

93 2551 134 2600 Sin
144 2543 249 2594 maculae
258 2543 373 2604 incipient
381 2541 453 2592 rutilo
463 2540 613 2589 immiscerier
624 2539 685 2600 igni3

94 2614 182 2666 Omnia
191 2622 248 2662 tunc
259 2613 347 2674 pariter
355 2621 427 2660 vento
439 2607 571 2668 nimbisque
580 2606 669 2656 videbis

94 2685 199 2734 uerrere.
218 2683 276 2732 Non
287 2675 328 2730 illa
336 2678 460 2742 quisquam
473 2691 511 2724 me
519 2677 587 2724 noste
595 2690 636 2736 per
647 2669 722 2724 altum

746 2811 751 2837 l
