1818 2914
170 123 627 210 enarmonium
678 157 721 214 5²·
771 157 823 216 ω)
894 143 895 150 ’

86 247 142 298 Sola
154 248 261 304 domum,
275 255 299 294 et
310 253 391 294 tantas
402 244 506 292 semaia-t
518 239 567 292 filia
577 241 651 304 sedes,

39 341 48 346 -
88 317 144 382 Jam
157 323 249 362 matura
257 329 316 370 arro,
327 312 378 374 jam
391 309 466 372 plenas
476 309 564 359 nnbrlrs
574 325 662 360 annisa
704 331 720 356 e

85 379 168 430 Multi
172 375 237 430 illam
247 395 357 442 magnae
348 381 448 436 Latio,
460 376 560 439 totique
569 382 687 438 petebant·

84 446 209 497 Ausonii:
227 443 704 508 petitautealiospulclrerrimusomnes·
896 481 897 490 ,

16 557 18 562 ,
84 517 193 565 Turnus·
186 529 261 573 favas
272 513 393 574 atavisque
404 521 503 572 potens
523 528 594 573 quern
606 529 669 575 regia
680 527 769 578 coniux
896 543 897 570 2

84 581 193 645 Adjuagi
205 595 318 642 generum
328 579 389 628 miro
401 581 543 639 properabat
553 589 647 628 amore.
804 583 808 598 “

86 651 131 697 Sed
141 649 211 701 variis
223 657 350 708 portenta
342 643 424 694 Delim
436 646 562 695 terroribus
573 645 676 698 obstant.

84 711 178 768 harus
189 723 240 762 erat
251 713 306 760 tecti
317 713 424 772 medio,
417 729 443 760 m
454 705 612 773 penetralibus
623 711 687 774 altis,

83 786 154 832 Sacra
165 795 269 837 comam,
281 779 414 840 nrultosoue
425 789 490 826 metu
501 776 600 828 servata
602 797 643 842 per
655 796 747 830 annos
790 834 791 838 Ἰ

85 849 166 916 Qam
178 857 246 908 pater
256 847 388 905 inventam,
400 846 489 906 primas
501 847 556 894 edm
566 849 677 896 conderet
685 863 749 896 arces

85 916 136 976 lpse
147 917 266 962 ferebatur
275 913 373 962 Phoebo
383 910 479 962 sacrill'e
488 915 604 962 Latinus:

82 981 255 1044 Laurentisque
266 983 295 1028 ab
306 996 335 1028 ea
346 995 434 1028 nomen
444 976 540 1040 posuilie
551 977 652 1028 colonia.
715 979 726 1004 ·'

82 1049 160 1110 Hujus
171 1065 226 1109 apes
236 1048 356 1095 summum
368 1046 460 1104 densae,
475 1045 593 1109 (mirabile
604 1048 681 1109 dina)

83 1116 190 1163 Stridore
201 1114 292 1175 ingenti
304 1111 420 1174 liquidum
434 1123 500 1162 trans
510 1113 606 1164 aethera
617 1117 706 1173 actiae,

83 1182 200 1229 obsedere
210 1183 300 1242 apicem
307 1199 315 1239 ς
335 1189 359 1228 et
371 1181 468 1242 pedibus
479 1197 522 1242 per
531 1191 615 1230 mutua
628 1181 704 1240 nexis,

80 1251 191 1297 Examen
202 1248 303 1297 subitam
316 1263 383 1296 ramo
394 1249 520 1296 frondente
530 1245 653 1310 pependit.
682 1279 685 1282 -

82 1315 289 1379 Continuojvatea
302 1317 436 1364 Externum
447 1317 573 1375 cernimus,
587 1316 676 1378 inquit,

81 1380 220 1430 Adventare
231 1383 322 1439 virum3
341 1391 366 1429 et
377 1393 455 1442 partes
467 1393 550 1442 petere¹
558 1399 642 1443 agmen
653 1383 747 1432 easdem

81 1450 193 1496 Partibus
203 1463 233 1494 ex
244 1447 330 1502 isdem,
343 1457 367 1493 et
376 1448 468 1494 summa
476 1449 619 1496 dominarier
629 1467 689 1498 arce.

79 1517 216 1568 Praeterea,
226 1510 293 1556 castis
304 1510 383 1556 adolet
394 1513 451 1556 dum
462 1510 546 1558 altaria
557 1514 640 1572 taedis,

79 1585 117 1628 Ut
127 1578 199 1640 juxta
211 1575 341 1636 genitorem
354 1573 428 1622 adstat
441 1577 574 1624 Lavinia
553 1593 631 1636 vrrgo3
675 1579 679 1583 ’

32 1673 35 1680 Α
78 1645 134 1696 Visa
148 1643 240 1706 (nefas)
254 1639 331 1702 longis
341 1640 508 1700 comprendere
519 1642 635 1692 crinibus'
630 1660 718 1706 ignem,

79 1715 167 1772 Atque
179 1724 278 1757 omnem
289 1705 401 1755 ornatum
412 1707 508 1757 flamma
519 1709 651 1780 crepitante
663 1713 771 1775 cremari,
856 1742 858 1746 .
885 1733 897 1766 ,¹

80 1776 226 1840 Regalefipue
237 1775 332 1824 accensa
342 1788 434 1834 comas,
434 1777 537 1830 accensa
546 1792 657 1826 coronam

79 1843 197 1906 Iafignenr
209 1842 322 1920 gemmis:
341 1851 394 1890 tum
406 1812 497 1892 frimida
509 1841 601 1896 iumine
611 1843 676 1894 fulvo

79 1909 181 1969 lnvolvi
194 1927 221 1958 ac
233 1910 291 1960 totis
300 1907 430 1958 Vulcanum
441 1905 545 1972 spargere
556 1913 633 1960 tetiis'.

80 1981 108 2026 id
119 1993 174 2025 vero
186 1977 339 2035 horr,endum
352 1993 379 2024 ac
389 1977 436 2024 visu
448 1977 556 2026 mirabile
567 1979 631 2028 ferri.

78 2038 192 2105 Namque
202 2045 252 2092 lore
263 2041 374 2091 illustrem
384 2046 458 2103 fama,
470 2045 571 2106 fatisque
583 2049 701 2094 canebant
764 2070 769 2076 ·

78 2115 106 2174 lp
108 2112 170 2168 sarir;
190 2109 228 2156 sed
240 2108 328 2170 populo
341 2125 453 2170 magnum
466 2113 607 2170 portendere
614 2111 712 2158 bellum

89 2130 151 2226 pAt
163 2193 204 2224 rex
213 2173 324 2224 sollicitus
333 2175 453 2233 monstris,
466 2175 559 2226 oracula
569 2179 645 2224 Fauni

78 2244 178 2293 Fatidici
189 2261 214 2303 g
203 2247 251 2297 enit
242 2239 300 2297 tolis
311 2243 373 2300 adin
393 2239 502 2308 lucosque
513 2243 554 2289 sub
564 2239 614 2290 allai

77 2309 186 2360 Consulit
195 2306 322 2358 Aliurnei:
339 2323 465 2356 nemorum
478 2325 539 2370 qnae
550 2310 655 2359 maxima
664 2311 737 2364 sacro

78 2381 156 2426 Fonte
167 2377 242 2434 sonat,
255 2377 394 2436 saevamque
405 2373 501 2424 exhalat
513 2391 586 2436 opaca
597 2377 734 2440 mephitim.

77 2445 143 2494 Hinc
153 2442 224 2492 italae
236 2452 326 2502 gentes,
337 2443 460 2504 omnisque
470 2443 582 2494 Oenotria
593 2443 664 2494 tellus

77 2513 105 2559 ln
117 2510 194 2558 dubiis
205 2509 313 2568 responsa
324 2519 417 2570 petunt.
436 2513 491 2558 Huc
502 2512 564 2559 dona
575 2512 680 2562 sacerdos

12 2605 14 2614 =
76 2579 140 2625 Crim
153 2575 220 2633 tulit,
232 2584 256 2624 et
267 2577 382 2624 caesaram
392 2576 472 2624 ovium
483 2577 523 2626 sub
536 2581 604 2626 nodie
616 2577 695 2629 silenti

77 2642 185 2692 Pedibus
198 2644 302 2690 Incubuit
315 2642 399 2702 iiratrs,
410 2644 520 2706 somnos
522 2661 550 2692 ue
561 2645 660 2706 petivit3

78 2709 160 2760 Multa
173 2709 250 2758 modis
261 2706 380 2761 fimuucra
392 2711 455 2760 videt
466 2663 593 2762 volitantia
604 2712 680 2774 miris,

77 2781 110 2826 Et
123 2776 201 2830 variau
212 2771 278 2826 audit
289 2793 366 2840 voces,
378 2779 509 2895 ῐωίἑωᾳυε
518 2780 627 2829 Deorum

457 2859 470 2907 ³
