1818 2914
97 79 144 132 194
195 77 450 126 Auunruos
483 78 639 128 urum.
692 79 748 143 ³76·

93 166 181 214 Desrne
193 169 244 216 sata
255 167 336 216 Derim
349 167 409 215 flesti
419 169 508 228 sperare
520 171 654 228 precando:

95 235 141 282 Sed
153 251 210 296 cape
221 235 282 284 dieu
295 249 386 282 memor
396 234 447 280 duri
459 232 541 283 salatia
552 237 623 283 casus,

95 301 160 348 Nam
172 314 213 350 tua
226 300 328 356 finitimi,
341 297 409 358 longe
420 298 515 361 lateque
527 318 568 362 per
578 304 647 350 urbes

95 368 211 428 Prodigiis
222 367 266 414 aui
277 363 418 426 coelestibus,
431 365 478 416 olla
491 367 602 428 piabunt3

95 435 129 484 Et
142 434 242 482 statuent
250 429 378 498 tumulum,
392 442 415 481 et
428 432 521 482 tumulo
533 433 635 483 solennia
647 435 760 486 mittent:

95 505 273 558 Aeternumque
285 496 349 546 locus
362 498 467 548 Palinuri
479 517 564 548 nornen
577 501 682 550 habebit.

94 569 139 615 His
149 567 215 616 distis
226 579 293 612 curae
304 575 406 625 emotae,
419 566 540 628 pulsusque
552 585 678 630 parumper
750 597 751 604 κ

94 633 169 681 Corde
181 627 247 680 dolor
258 630 332 680 tristi:
353 635 438 694 gaudet
447 634 587 694 cognomine
596 645 665 684 terra.

125 701 188 758 Ergo
200 697 245 746 iter
255 698 377 760 inceptum
390 710 513 761 peragunt,
526 701 643 764 fluvioque
654 703 827 764 propinquant.

92 765 180 812 Navita
193 781 261 826 quos,
271 766 322 828 jam
334 767 389 814 inde
400 777 426 816 ut
438 769 520 830 stygia
530 769 651 830 prospexit
663 771 691 818 ab
703 771 767 818 unda
857 789 858 794 ¹

92 833 138 880 Per
149 833 249 880 tacitum
262 849 345 881 nemus
357 834 398 892 ire,
410 837 541 896 pedemque
552 838 671 885 advertere
682 835 755 896 ripae,

91 897 130 946 Sic
141 899 206 960 prior
215 901 349 960 aggreditur
359 901 435 960 dietis,
448 911 519 964 atque
531 903 635 964 increpat
646 902 724 950 ultro:

93 965 207 1030 Qisquis
218 983 251 1026 es,
263 975 368 1016 armatus
379 969 420 1030 qui
432 967 510 1016 nostra
522 971 552 1016 ad
563 969 659 1016 flumina
670 969 757 1028 tendis,

69 1039 73 1046 “
93 1035 152 1080 Fare
164 1050 215 1096 age,
227 1035 286 1095 quid
295 1035 387 1082 venias:
403 1034 453 1095 jam
465 1033 532 1084 iuinc
541 1045 563 1084 et
574 1036 703 1096 comprime
714 1033 823 1103 gressum.

95 1101 240 1148 Umbrarum
253 1099 291 1148 hic
302 1097 366 1147 locus
375 1098 417 1158 est,
428 1101 510 1148 Somni
521 1103 647 1163 Nostisque
656 1103 765 1164 soporae:

92 1169 199 1227 Corpora
210 1167 262 1213 viva
275 1168 340 1212 nefas
352 1165 432 1225 stygia
444 1168 533 1212 vestare
544 1167 631 1215 carina.

92 1233 144 1280 Nec
156 1249 210 1279 vero
222 1230 323 1278 Alciden
333 1230 431 1277 mesum
444 1229 543 1278 laetatus
555 1243 668 1282 euntem)

92 1294 214 1358 Accepisse
226 1295 285 1354 lacu,
299 1312 342 1344 nec
352 1295 442 1345 Thesea
456 1296 650 1357 Pirithoumque;

92 1363 140 1414 Dis
149 1379 285 1426 quanquam
295 1362 376 1423 geniti,
389 1371 460 1423 atque
470 1363 550 1410 invicti
561 1363 648 1411 viribus
659 1361 739 1412 essent.

91 1434 232 1481 Tartareum
245 1427 284 1478 ille
295 1427 368 1478 m'anu
379 1428 495 1477 custodem
508 1430 533 1476 in
544 1429 621 1477 vincla
634 1431 735 1492 petivit3
827 1475 836 1482 ,

92 1498 166 1560 lpuus
179 1515 192 1546 a
203 1496 260 1545 solio
272 1498 330 1556 regis
338 1495 459 1557 traxitque
470 1505 628 1544 trementem:

92 1567 126 1617 Hi
138 1563 339 1614 dominam'Ditis
347 1562 454 1612 thalamo
464 1565 574 1610 deducere
585 1563 670 1613 adorti.

88 1681 93 1696 ⁶
128 1635 195 1698 Qae
206 1642 289 1680 eontra
300 1630 401 1682 breviter
412 1633 462 1679 sata
473 1629 505 1678 est
513 1629 660 1692 Amphrysra
670 1640 748 1680 vates:
827 1669 838 1690 ,

92 1699 181 1754 Nullae
188 1697 233 1746 'hic
243 1696 339 1746 insidiae
350 1695 423 1754 tales;
443 1691 523 1744 ablue
535 1697 637 1745 moveri:

95 1771 147 1818 Nec
156 1767 203 1816 vim
215 1763 262 1814 tela
275 1767 368 1812 ferunt:
389 1761 443 1810 licet
455 1763 536 1824 ingens
544 1763 639 1824 janitor
646 1773 715 1812 antro

93 1839 228 1883 Aeternum
240 1827 329 1878 latrans
338 1829 463 1888 exsangues
475 1839 561 1877 terreat
572 1831 681 1878 umbras:

95 1899 165 1950 Casta
176 1897 230 1948 licet
242 1897 319 1958 patrui
331 1895 403 1943 servet
416 1889 554 1956 Proserpina
566 1893 648 1944 limen.
711 1906 715 1912 '

92 1968 182 2016 Troius
193 1968 296 2022 Aeneas,
312 1961 399 2024 pietate
410 1959 505 2022 insignis
517 1972 541 2010 et
553 1962 633 2021 armis,

92 2036 138 2084 Ad
149 2032 278 2094 genitorem
291 2029 351 2077 imas
362 2028 432 2076 Erebi
444 2029 561 2078 descendit
573 2032 603 2077 ad
614 2032 718 2079 umbras.

95 2102 120 2149 si
131 2097 232 2150 tertulla
244 2107 323 2146 movet
334 2105 416 2146 tautae
427 2097 523 2156 pietatis
534 2096 621 2157 imago,

94 2173 134 2217 At
145 2182 237 2222 ramum
250 2165 313 2212 hunc
326 2163 413 2227 (aperit
422 2179 513 2210 ramum
525 2163 566 2224 qui
577 2160 637 2210 vesle
647 2159 749 2228 latebat)

94 2231 225 2293 Agnoscas.
244 2233 350 2294 Tumida
361 2245 390 2277 ex
402 2229 498 2278 iratum
511 2231 581 2282 corda
593 2227 702 2292 residurp.

90 2302 146 2346 ‘Nec
157 2295 225 2358 plura
236 2296 280 2344 his.
301 2293 342 2344 llle
354 2297 472 2344 admirans
483 2292 614 2360 venerabi-le
624 2297 714 2342 donum

94 2362 182 2420 Fatalis
193 2363 280 2422 virgae,
294 2361 365 2422 longo
377 2352 428 2424 poll
439 2373 546 2425 tempore
557 2361 640 2420 visum,
715 2377 716 2384 ¹

93 2427 230 2474 caeruleam
243 2429 344 2476 advertit
356 2429 466 2490 puppim,
479 2431 590 2490 ripaeque
601 2426 755 2488 pmpinqua‘c.

94 2493 152 2538 inde
161 2491 217 2539 alias
229 2495 329 2554 animas,
340 2511 402 2558 quae
413 2511 455 2555 per
463 2497 519 2558 juga
530 2493 600 2555 longa
609 2493 729 2554 sedebant,

92 2557 222 2614 Deturbat,
235 2557 348 2619 laxatque
360 2561 437 2608 foros:
457 2561 526 2610 srmul
537 2562 623 2623 accipit
632 2559 698 2609 alueo

93 2621 218 2676 ingentem
228 2626 336 2670 Aenean.
357 2627 456 2674 Gemuit
468 2627 509 2675 sub
521 2631 625 2689 pondere
636 2630 723 2690 cymba

1 2699 2 2702 ¹
94 2681 183 2742 Sutilis,
195 2693 219 2732 et
232 2685 334 2736 multam
346 2692 436 2753 accepit
446 2693 533 2752 rimosa
545 2693 665 2758 paludem.

176 2787 186 2818 t
