1806 2912
156 43 603 106 anuarnoturnmc.
655 61 731 102 eon·
766 61 814 114 ιιι
880 37 894 52 “

73 153 152 224 *lon
146 161 180 201 ιιι
191 167 230 199 me
240 151 332 212 genitor
343 148 410 198 bellis
421 147 521 199 assuetus
533 145 648 210 Opheltes

73 189 218 280 Argolicum
228 226 342 267 terrorem
353 217 416 266 inter
425 217 559 279 Troiaeque
570 213 678 264 laboret

76 285 202 336 Sublatum
212 284 314 334 erudiit:
335 299 379 332 nec
389 294 467 333 tecum
478 282 536 332 talia
546 281 609 346 gessi,

77 352 260 412 Magrnnimum
272 354 373 400 Aenean
386 360 410 400 et
422 353 472 398 sata
483 359 589 398 extrema
599 349 698 398 secutus.

78 417 119 466 Est
131 417 181 476 lrlc,
193 415 226 466 est
236 417 330 466 animus
341 415 412 466 lucis
401 426 553 496 contemtor,
569 426 593 464 et
605 414 677 464 istun

79 485 129 548 Qi
104 484 189 532 uvita
199 487 259 532 bene
269 487 349 534 credat
361 483 417 543 emi,
430 500 478 545 quo
487 482 573 540 tendis,
586 483 711 532 honorem.

78 551 150 600 Nisus
159 543 190 600 acl
201 548 273 600 haec:
282 551 409 629 Equidem
423 551 452 598 de
463 559 487 598 te
500 547 534 596 ml
542 518 590 598 tale
601 551 711 607 verebar;
773 591 774 594 ,

79 619 130 665 Nec
142 620 191 668 fas:
211 634 269 675 non,
282 617 316 668 ita
327 633 367 665 me
378 615 463 666 referat
475 615 521 665 tibi
532 631 630 676 inagnus
639 625 753 687 ovantem

79 685 181 748 Jupiter,
193 694 235 732 aut
246 684 380 745 quicunque
391 681 464 732 oculis
475 681 533 732 haec
544 682 626 743 aspicit
638 682 733 746 aequis

77 749 154 798 Sedsr
151 751 228 828 quis,
241 766 301 810 quae
297 749 388 800 multa
401 751 464 802 vides
476 749 608 798 discrimine
619 747 672 808 tali,

79 817 106 864 Si
117 815 171 877 quis
182 817 206 864 in
218 817 337 872 adversum
350 817 426 878 rapiat
434 816 533 873 casusve,
541 815 642 874 Deusve,

77 883 116 932 Te
125 879 235 944 superesse
247 881 332 932 velim
327 894 419 940 :tua
405 881 455 933 titi
467 883 560 944 dignior
569 891 642 930 aetas.

78 949 124 1008 Sit,
137 950 179 1011 qui
191 965 228 1000 me
239 961 334 1012 raptum
344 949 434 1012 pugni,
463 951 551 998 retiove
561 949 703 1007 redemtum,

76 1018 180 1064 Mandet
192 1017 266 1064 humo
278 1014 361 1066 soliti:
380 1027 431 1078 aut,
443 968 462 1069 li
469 1022 517 1078 qu'a
528 1017 552 1064 id
563 1018 660 1063 fortuna
669 1014 769 1073 vetabit,

9 1135 10 1140 ,
80 1081 184 1131 Absenti
190 1085 253 1133 serat
266 1083 370 1142 inseriae,
382 1085 522 1146 decoretque
531 1079 649 1142 sepulcro:

8 1203 10 1220 ,
80 1152 136 1198 Neu
148 1151 217 1202 matri
229 1150 325 1200 miserae
335 1151 398 1201 tanti
408 1149 450 1198 ιιιιι
462 1147 538 1198 caulla
545 1144 643 1208 doloris,

82 1215 152 1279 Qae
163 1225 187 1264 te
198 1215 253 1276 sola,
267 1235 333 1279 puer,
345 1217 451 1267 multis
439 1233 452 1266 e
464 1217 579 1266 matribus
588 1213 644 1274 ausa

81 1281 242 1344 Persequitur;
261 1287 342 1347 magni
350 1300 394 1335 nec
405 1285 499 1334 moenia
510 1293 576 1334 curat
586 1267 694 1332 Acestae.

82 1345 124 1395 llle
134 1361 228 1399 autem:
249 1350 343 1406 Causlas
355 1354 513 1414 nequicquam
526 1350 615 1400 neslls
609 1345 709 1410 manes,

82 1417 134 1462 Nec
143 1432 195 1464 mea
203 1417 254 1476 jam
266 1428 359 1466 mutata
370 1417 422 1465 loco
433 1417 550 1472 sententia
560 1416 632 1466 cedit

81 1477 257 1537 Accelerernus,
268 1481 309 1528 air.
329 1483 358 1528 Vi
359 1481 415 1542 giles
427 1481 496 1529 simul
506 1482 605 1530 exertat
626 1475 664 1544 llli

26 1561 30 1570 ·
82 1535 664 1612 succedunt,setvantquev1ccsstauonerelrtra

82 1612 134 1674 lpse
146 1628 226 1663 comes
237 1603 295 1660 N'iso
305 1613 420 1672 graditur,
431 1627 557 1673 regemque
568 1614 698 1674 requirunt.

100 1681 216 1728 Caetera
222 1693 269 1740 per
280 1688 353 1728 terras
361 1695 444 1728 omnes
454 1677 567 1728 animalia
574 1680 658 1728 somno

18 1787 21 1794 .
82 1747 296 1804 taxabantcurae
309 1747 413 1796 etcorda
425 1745 501 1796 oblita
512 1745 626 1796 laborum.

81 1813 199 1862 Ductores
209 1782 329 1864 Teucrilm
341 1813 422 1892 primi,
434 1824 458 1864 et
469 1813 572 1864 deletu
563 1805 684 1877 Juientus,

82 1875 212 1928 Consilium
224 1879 320 1930 summis
330 1881 397 1942 regni
409 1881 437 1930 de
448 1884 517 1930 rebus
524 1879 685 1941 habebant

83 1943 150 2009 Quid
160 1947 273 2004 iacerent,
284 1947 364 2008 quisve
373 1947 486 1997 Aeneae
478 1965 527 2010 Jam
537 1949 636 1997 nuncius
647 1940 718 1998 essct.

84 2013 155 2060 stain
167 2009 244 2073 longis
253 2013 336 2062 onnixr
329 2011 430 2072 hastis,
442 2024 467 2064 et
477 2015 540 2071 scuta
551 2023 669 2071 tenentes,

81 2075 219 2126 Castrorum
228 2086 251 2126 et
260 2093 310 2126 eam
313 2079 437 2139 pimenio.
453 2081 517 2128 Tum
528 2079 598 2127 Nisus
606 2087 632 2126 et
641 2077 690 2126 uni

83 2141 211 2206 Euryalen,
222 2143 344 2192 eonseslim
356 2142 444 2193 alacres
454 2145 576 2194 admittier
587 2151 706 2192 oront:

83 2210 147 2259 Rem
159 2225 280 2272 magnam,
292 2211 443 2274 pretiumque
453 2225 531 2260 morae
543 2214 601 2259 fore.
621 2210 713 2274 Primus
723 2208 788 2261 ldlns

83 2275 188 2336 Accepit
196 2277 310 2339 trepidos,
322 2293 349 2327 ae
361 2277 444 2327 Nisum
453 2277 529 2328 dicere
538 2275 610 2340 jussit.
657 2275 658 2278 ’

83 2341 155 2390 Tunc
166 2340 185 2389 s
175 2357 196 2390 c
208 2344 362 2406 Hyrtacides,
380 2344 473 2394 Audite
484 2342 500 2393 ι
510 2343 629 2396 mentibus
638 2344 763 2408 aequis,

30 2405 36 2412 '
83 2409 221 2537 geneadaq
212 2426 289 2469 ‚neve
296 2409 355 2462 haec
365 2409 451 2462 nostris
460 2410 591 2474 [pellentur
601 2413 630 2460 ab
641 2412 720 2472 annis,

110 2489 153 2523 uae
165 2476 268 2526 serimus.
287 2475 371 2528 Rutuli
381 2477 466 2532 simun
473 2478 575 2540 vinoque
584 2477 668 2539 sepulti
717 2521 720 2529 .

82 2539 234 2592 conticuere.
251 2546 343 2592 Locum
356 2541 445 2596 inlidiie
454 2545 619 2608 conspeximus
628 2543 682 2604 ιρι

42 2619 45 2626 ¹
83 2605 134 2671 Qi
142 2607 247 2666 poterin
258 2609 320 2658 bivio
329 2620 419 2670 portae,
429 2627 490 2673 quae
498 2611 607 2673 proxima
615 2619 700 2672 popm.

82 2673 230 2738 lntermpu
223 2691 298 2738 ignes,
309 2685 405 2742 uterque
414 2677 530 2794 adYsrdere
540 2679 623 2728 sumus
716 2717 721 2728 ι

801 2799 894 2880 l*
