1818 2914
123 115 128 122 1
189 54 442 107 nunninus
475 55 564 102 LlB.
596 57 625 104 V.
670 69 727 122 397.

72 145 97 192 si
110 146 178 206 mihi,
191 163 252 261 quae
263 151 383 210 quondam
395 151 481 205 suerat,
494 165 588 212 quaque
600 152 722 214 improbus
732 154 775 204 ille
806 215 810 222 ι

71 210 183 261 Exsultat
212 217 278 272 dens,
290 214 306 260 fi
319 230 381 260 nunc
390 215 451 260 soret
461 213 501 262 illa
510 215 624 278 juventa:
775 277 779 282 ι

70 279 143 326 Haud
153 281 272 342 equidem,
285 280 360 340 pretio
372 279 481 328 induetur
492 279 638 343 pulchroque
645 283 748 346 Juvenco

70 343 201 394 Venisseme
220 361 263 394 nec
274 347 335 391 dona
347 360 434 392 moror.
455 347 493 394 Sic
504 349 587 396 deinde
598 351 701 414 locutus,

71 413 99 458 ln
114 413 216 460 medium
228 411 333 471 geminos
345 410 445 460 immani
453 415 557 475 pondere
568 413 657 464 caestus

71 479 181 540 Projecst,
194 479 278 539 quibus
289 491 341 526 acer
350 480 417 539 Eryx
428 479 453 525 in
464 477 554 540 proelia
564 481 641 530 suetus

70 545 138 591 Ferre
150 559 255 600 uranum,
265 545 375 604 duroque
381 545 505 602 intendere
516 547 611 596 brachia
624 559 698 610 tergo.

71 609 213 670 Obstupuere
225 607 314 657 animi:
333 621 456 660 tantorum
469 613 575 674 ingentia
585 613 675 676 septem

68 675 144 734 Terga
157 679 228 722 boum
241 673 342 736 plumbo
352 678 429 728 insuto
441 681 550 741 ferroque
559 681 675 742 rigebant.

67 746 136 789 Ante
147 757 231 790 omnes
243 742 319 804 stupet
331 744 379 804 ipse
388 747 473 805 Dares,
484 745 602 808 longeque
612 749 716 802 recusat:

67 809 282 872 Magnanimusque
292 810 457 872 Anchisiades,
469 823 493 860 et
506 817 607 873 pondus,
620 825 644 863 et
656 817 706 876 ipsa

66 876 121 924 Huc
133 872 188 923 illuc
201 875 332 924 vinclorum
345 877 459 928 immensa
469 879 590 927 volumina
601 881 685 931 versat.

67 941 132 988 Tum
145 941 221 990 senior
233 943 292 992 tales
305 948 419 994 rescrebat
430 947 522 1007 petiere
534 961 615 995 voces:

68 1008 143 1071 Qui,
157 1007 173 1055 sr
186 1011 239 1072 quis
250 1009 337 1058 caesius
348 1011 418 1072 ipfius
429 1023 453 1061 et
462 1011 569 1061 Herculis
580 1029 646 1062 arura

68 1071 176 1134 viduit,
187 1077 325 1138 tristemque
335 1077 382 1125 hoc
393 1079 443 1138 ipso
455 1079 480 1126 in
492 1077 561 1127 litore
572 1096 677 1141 pugnam
687 1078 697 1129 i
775 1109 781 1114 -

68 1143 135 1190 liae-c
146 1159 270 1202 germanus
279 1146 345 1202 Eryx
356 1145 477 1204 quondam
490 1155 545 1192 tuus
556 1163 621 1194 arma
633 1151 738 1209 gerebat.

69 1208 188 1269 Sanguine
199 1210 274 1258 cernis
285 1208 361 1256 adhuc
372 1209 495 1269 sparsoque
507 1209 593 1260 insessa
604 1216 707 1262 cerebro.

67 1275 113 1322 llis
126 1279 237 1334 mag'num
248 1271 350 1320 Alciden
363 1284 445 1322 contra
458 1273 533 1331 stetin
553 1275 592 1324 his
603 1293 647 1337 ego
658 1280 749 1339 suetus;

67 1341 133 1388 Dum
145 1337 228 1387 melior
238 1341 295 1386 vires
307 1337 398 1400 sanguis
408 1341 490 1399 dabat‚‘
503 1340 594 1390 aemula
606 1345 719 1394 necdum

67 1405 226 1466 Temporibus
237 1405 336 1466 geminis
345 1407 444 1454 canebat
456 1406 532 1466 sparsa
544 1408 655 1458 senetius.
673 1429 676 1438 ·

68 1476 123 1532 Sed,
136 1469 151 1520 st
164 1469 241 1522 nostra
256 1474 331 1519 Dares
343 1469 401 1519 haec
408 1473 497 1520 Troius
508 1487 573 1522 arma
585 1475 684 1534 recusat,

68 1541 143 1600 quue
154 1539 195 1600 pio
206 1539 269 1588 sedet
277 1542 383 1596 Aeneae,
396 1541 482 1598 probat
493 1541 573 1588 auttor
585 1539 695 1602 Acestem

67 1609 208 1666 Aequensus
219 1621 324 1666 pugnas:
344 1604 427 1666 Erycis
437 1605 484 1675 tibi
492 1615 558 1667 terga
569 1608 682 1666 remitto;

67 1671 137 1720 Solve
149 1681 239 1721 metus:
259 1682 282 1720 et
295 1667 322 1720 tu
331 1671 449 1733 Trojauos
459 1688 518 1720 exue
528 1673 624 1722 caesius.

68 1739 134 1786 Haec
144 1740 215 1796 fatus.
227 1736 345 1800 duplicem
357 1754 388 1784 ex
399 1738 503 1786 humeris
514 1739 592 1800 rejecit
604 1739 726 1800 amisium,
778 1781 781 1786 .

67 1807 101 1852 Et
113 1819 212 1878 magnos
223 1806 383 1850 membrorum
396 1814 470 1860 artus,
483 1819 568 1863 magna
580 1801 637 1864 offa,
650 1804 798 1870 lacertosque

68 1871 152 1929 Euxit,
165 1879 237 1931 atque
249 1871 331 1928 iugens
342 1869 419 1914 media
428 1867 530 1916 confiilit
541 1885 620 1918 arena.

67 1937 132 1986 Tum
145 1936 207 1984 satus
216 1934 323 1984 Anchisa
334 1933 421 1980 caestus
430 1943 498 1994 pater
507 1934 593 1983 extulit
605 1953 703 1999 aequos,

68 2006 102 2052 Et
115 2003 209 2066 peribus
220 1999 311 2063 palmas
323 1999 447 2048 amborum
459 2001 567 2050 innexuit
578 2005 664 2052 armis.

69 2067 184 2118 Constitit
195 2069 220 2116 in
230 2068 316 2128 digitos
326 2065 449 2127 extemplo
460 2070 560 2116 arrettus
571 2077 678 2130 uterque,

69 2136 215 2196 Brachiaque
227 2135 258 2184 ad
269 2135 362 2196 superas
373 2135 495 2182 interritus
506 2133 591 2183 extulit
603 2151 677 2186 auras.

69 2204 200 2249 Abduxere
211 2211 275 2250 retro
286 2199 355 2262 longe
366 2201 444 2262 capita
456 2203 528 2250 ardua
540 2203 569 2249 ab
580 2202 639 2259 ium

69 2267 252 2332 immiscentque
265 2278 348 2316 manus
357 2271 474 2326 manibus,
488 2284 639 2329 pugnamque
648 2265 769 2320 lacessunt.
793 2283 796 2290 ’

70 2332 120 2388 lile,
131 2334 217 2392 pedum
228 2331 312 2381 melior
321 2344 398 2392 motu,
411 2335 528 2395 fretusque
537 2333 649 2396 juventa:

68 2398 114 2443 Hic
127 2399 247 2456 membris,
259 2409 284 2448 et
296 2399 359 2447 mole
368 2399 461 2458 valens;
481 2401 519 2448 sed
528 2403 596 2449 tarda
605 2404 716 2450 trementi

69 2465 153 2508 Genua
166 2461 260 2521 inunum
280 2465 356 2514 vastos
368 2468 447 2528 quatit
460 2483 526 2528 aeger
535 2465 652 2516 anhelitus
663 2478 736 2518 artus.

69 2525 148 2572 Multa
157 2528 200 2582 viri
208 2532 365 2592 nequicquam
379 2533 441 2581 inter
450 2534 472 2586 se
480 2532 575 2581 vulnera
583 2533 684 2596 judlant,

68 2589 148 2635 mulir
161 2608 217 2640 cavo
230 2593 296 2644 lateri
309 2599 466 2658 ingeminant,
479 2610 503 2648 ct
516 2602 607 2660 penore
620 2599 694 2646 vastos

67 2654 136 2702 Dant
148 2655 236 2706 sonitus
241 2678 249 2718 ;
265 2672 375 2724 euntque
387 2681 453 2716 aures
462 2675 486 2715 et
496 2676 605 2728 tempora
617 2666 706 2718 circum
