1806 2912
102 134 108 142 ’
149 151 403 206 animnos
437 148 523 199 niu.
552 147 610 198 xn.
658 147 713 200 801.
766 160 815 211 ³³7

69 254 124 305 ttae
133 263 159 303 te
170 263 252 304 tantus
262 255 318 301 edat
329 251 428 302 tacitam
440 247 522 298 dolor:
542 259 567 298 et
579 248 639 298 mihi
650 265 719 298 curae
795 249 798 256 '

9 343 11 420 Ι
66 325 141 382 Saepe
153 331 195 370 tuo
207 319 269 370 dulci
281 318 356 370 tristes
367 335 397 366 cx
408 334 448 366 ore
460 317 584 366 recursent.

9 425 11 432 .
67 390 176 436 Ventum
187 389 218 436 ad
229 387 363 448 supremum
374 383 415 433 est.
433 384 514 432 Terris
525 384 614 445 agitare
623 381 662 431 vel
672 381 743 436 undis

8 453 11 494 ἶ
68 455 189 518 TroJanos
200 453 309 516 potuisti;
329 453 454 500 infandum
466 453 592 500 accendere
602 449 701 511 bellum,

68 521 213 570 Deformare
223 523 332 579 domum,
344 530 369 570 et
378 518 444 568 lustu
451 517 545 568 misene
552 519 709 579 hymenaeos:

70 585 178 636 Ulterius
189 596 282 636 tentare
291 597 354 636 veto.
373 586 411 634 Sic
420 585 513 650 Jupiter
524 585 602 661 qrsus3

71 653 111 703 Sic
122 657 174 702 Dea
186 651 297 702 submisso
308 664 391 703 contra
403 651 513 702 Saturnia
525 651 606 702 vultu:

69 719 118 768 lsla
129 721 226 782 quidem
235 722 292 782 quia
302 729 360 772 nota
372 717 434 768 mihi
444 729 494 777 tua,
509 735 603 781 magne,
613 719 733 780 voluutas,

68 787 174 850 Jupiter,
185 798 210 838 et
222 790 341 846 Turnum,
354 798 378 836 et
389 797 463 836 terras
474 787 549 836 unvita
561 784 653 850 reliqui.

67 856 123 902 Nec
134 865 161 903 tu
173 869 212 902 me
222 853 367 904 a‘e'riasolam
380 869 443 902 nunc
455 853 506 901 sede
515 855 604 902 videres
648 852 653 860 “

27 927 30 930 ’
68 919 153 982 Digna
164 921 261 984 indigna
273 935 303 984 pa
316 923 336 968 ¹:
356 921 395 968 sed
407 920 509 968 flammis
520 921 605 980 cintia,
618 921 658 970 sub
671 921 745 984 ipsam

68 991 163 1035 Starern
175 990 294 1048 adem‚tr
327 1001 436 1050 eremque
447 987 544 1036 inimica
555 988 580 1036 in
593 987 800 1050 proelia'l'eucros.
875 1008 879 1016 ·

68 1055 198 1118 Jutumarn
209 1056 302 1116 misero,
339 1065 399 1113 teor,
411 1055 540 1104 succurrere
551 1055 620 1104 fratri
698 1055 700 1060 ’

69 1118 145 1180 Suafi,
157 1131 182 1170 et
191 1139 234 1183 pro
245 1123 295 1172 vita
306 1059 396 1186 xajora
407 1124 491 1172 audere
502 1124 622 1184 probavi:

2 1213 3 1216 =
68 1189 130 1234 Non
141 1197 168 1236 ut
176 1187 224 1238 tela
230 1190 322 1270 piraeo,
335 1207 385 1240 non
396 1199 424 1240 ut
434 1193 588 1241 contenderet
599 1206 694 1240 arcum:

11 1251 17 1262 ’
68 1253 165 1316 Adjuro
177 1256 251 1318 Sty'gii
263 1269 335 1320 caput
346 1257 496 1320 implacabile
507 1259 594 1318 fontis;

63 1323 126 1374 ¹Una
137 1321 268 1382 superstitio
278 1326 366 1384 superis
377 1341 437 1384 quae
450 1325 542 1376 reddita
553 1327 631 1376 Divis.

67 1388 103 1434 Et
116 1402 179 1435 nunc
190 1390 248 1435 cedo
259 1389 378 1448 equidem,
391 1391 526 1450 pugnasque
536 1393 606 1440 exosa
616 1390 733 1456 relinquo.

69 1449 134 1500 Illud
144 1462 178 1512 te,
191 1451 257 1504 nulla
268 1455 313 1502 fati
324 1455 389 1516 quod
398 1455 447 1516 lege
458 1465 562 1516 tenetur,

69 1523 119 1568 Pro
127 1520 201 1573 Latio
212 1518 324 1578 obtestor¹
337 1537 381 1580 pro
392 1520 512 1584 majestate
522 1532 633 1574 tuorum:
715 1569 717 1578 ,

70 1589 135 1638 Ciam
144 1587 196 1650 jam
207 1587 332 1636 connubiis
342 1603 424 1648 pacem
434 1586 540 1638 felicibus
552 1589 625 1654 (esto)

69 1657 235 1714 component,
248 1655 304 1702 cum
313 1653 364 1716 jam
376 1653 438 1716 leges
449 1664 472 1703 et
484 1657 578 1708 foedera
586 1657 703 1720 jungent:

69 1723 110 1774 Ne
120 1730 187 1772 vetus
198 1721 320 1782 indigenas
330 1737 418 1770 nomen
428 1731 520 1770 mutare
530 1721 642 1788 Latinos,

67 1791 124 1839 Neu
133 1791 211 1837 Troas
223 1786 272 1838 fieri
279 1787 370 1851 jubeas,
383 1789 532 1851 Teucrosque
542 1791 631 1850 vocari,

67 1861 123 1905 Aut
133 1870 215 1904 rocem
225 1865 317 1905 mutare
325 1856 394 1917 viror,
407 1867 448 1906 aut
460 1868 549 1906 vertere
560 1857 641 1909 vestes.

69 1922 107 1971 sit
115 1923 227 1970 Latium:
249 1922 295 1972 sint
306 1921 399 1972 Albani
410 1940 454 1985 per
463 1923 537 1974 secula
548 1942 630 1988 reges:

69 1988 107 2038 Sit
117 1990 229 2036 Romana
240 1997 326 2049 potens
338 1987 398 2037 ltala
409 1991 497 2040 virtute
508 2008 630 2054 propago:
721 1991 725 1998 “

68 2055 174 2114 Occidit,
185 2054 344 2116 occideritque
353 2053 412 2106 finae
423 2058 478 2106 cdm
488 2055 586 2108 nomine
594 2059 678 2124 Troja.

18 2127 22 2134 '
67 2119 119 2170 Olli
129 2121 251 2171 subridens
261 2121 391 2171 hominum·
398 2137 524 2188 rerumque
535 2135 656 2188 repertore

67 2191 103 2238 Et
114 2205 226 2251 germana
236 2189 311 2254 Jovis‚
325 2192 467 2254 Saturnique
478 2191 552 2244 altera
564 2192 651 2256 proles,

66 2259 159 2306 Irarum
170 2266 253 2306 tantos
263 2255 339 2306 volvis
350 2257 390 2306 sub
402 2262 494 2321 pectore
504 2260 601 2311 fluctus?

65 2327 155 2374 Verum
165 2341 216 2386 age,
228 2334 253 2374 et
264 2324 385 2386 inceptum
398 2326 482 2377 fruslra
493 2329 606 2380 submitte
617 2329 731 2382 surorema
758 2361 769 2388 0

65 2393 117 2454 Do,
129 2393 195 2455 quod
206 2391 253 2452 vis3
272 2402 297 2442 et
306 2409 344 2442 me
353 2394 472 2458 vietusque
480 2397 607 2462 volensque
618 2398 726 2450 remitto.

66 2463 205 2509 Sermonem
212 2459 314 2508 Ausonii
324 2463 429 2522 patrium
441 2465 563 2530 moresque
571 2468 697 2528 tenebunt.

63 2529 147 2590 thue
158 2525 199 2586 est,
213 2543 301 2578 nomen
312 2529 371 2578 erit:
390 2533 508 2583 commisti
519 2551 616 2598 corpore
626 2544 725 2588 tanturn

64 2593 190 2644 Subsident
199 2595 294 2646 Teucri.
312 2599 407 2650 Morem
419 2600 523 2666 ritusque
533 2602 652 2652 sacrorum
737 2599 743 2606 ’

64 2661 196 2724 Adjiciarn,
209 2663 341 2727 faciamque
351 2683 435 2717 omnes
445 2685 494 2718 uno
503 2687 543 2720 ore
554 2671 664 2730 Latinos.
691 2685 696 2696 ·
711 2695 714 2702 =

63 2727 129 2778 Hinc
140 2744 221 2791 genus,
233 2731 341 2781 Ausonio
352 2734 448 2784 millum
460 2741 525 2800 quod
537 2732 648 2800 sang'uine
659 2736 747 2803 surget,

66 2797 139 2829 finni-1
152 2795 259 2834 luminu
281 2799 346 2836 snm
360 2803 395 2838 in
404 2807 471 2840 nme
480 2806 571 2842 nimenta
581 2804 687 2842 videbit!
