<?xml version="1.0" encoding="UTF-8"?>
<!DOCTYPE html PUBLIC "-//W3C//DTD XHTML 1.0 Transitional//EN"
    "http://www.w3.org/TR/xhtml1/DTD/xhtml1-transitional.dtd">
<html xmlns="http://www.w3.org/1999/xhtml" xml:lang="en" lang="en">
 <head>
  <title>
</title>
<meta http-equiv="Content-Type" content="text/html;charset=utf-8" />
  <meta name='ocr-system' content='tesseract 3.04.00' />
  <meta name='ocr-capabilities' content='ocr_page ocr_carea ocr_par ocr_line ocrx_word'/>
</head>
<body>
  <div class='ocr_page' id='page_1' title='image "./bucolicageorgic03virggoog/bucolicageorgic03virggoog_0035.png"; bbox 0 0 1804 2904; ppageno 0'>
   <div class='ocr_carea' id='block_1_1' title="bbox 226 39 892 128">
    <p class='ocr_par' dir='ltr' id='par_1_1' title="bbox 226 39 892 128">
     <span class='ocr_line' id='line_1_1' title="bbox 226 39 892 128; baseline -0.012 -22"><span class='ocrx_word' id='word_1_1' title='bbox 226 43 569 106; x_wconf 80' lang='lat' dir='ltr'>GEORG.L113.1.</span> <span class='ocrx_word' id='word_1_2' title='bbox 621 39 737 128; x_wconf 25' lang='grc' dir='ltr'>ἀψ-</span> <span class='ocrx_word' id='word_1_3' title='bbox 786 63 819 118; x_wconf 72' lang='lat' dir='ltr'>m</span> <span class='ocrx_word' id='word_1_4' title='bbox 891 89 892 124; x_wconf 56' lang='lat'>,</span> 
     </span>
    </p>
   </div>
   <div class='ocr_carea' id='block_1_2' title="bbox 14 151 779 2758">
    <p class='ocr_par' dir='ltr' id='par_1_2' title="bbox 69 151 767 1554">
     <span class='ocr_line' id='line_1_2' title="bbox 70 151 709 218; baseline -0.016 -13"><span class='ocrx_word' id='word_1_5' title='bbox 70 157 159 205; x_wconf 80' lang='lat' dir='ltr'>Debita</span> <span class='ocrx_word' id='word_1_6' title='bbox 169 169 242 218; x_wconf 88' lang='lat' dir='ltr'>quarn</span> <span class='ocrx_word' id='word_1_7' title='bbox 252 151 319 202; x_wconf 85' lang='lat' dir='ltr'>sulcis</span> <span class='ocrx_word' id='word_1_8' title='bbox 331 153 468 201; x_wconf 80' lang='lat' dir='ltr'><strong>committas</strong></span> <span class='ocrx_word' id='word_1_9' title='bbox 476 151 575 208; x_wconf 79' lang='lat' dir='ltr'>semina,</span> <span class='ocrx_word' id='word_1_10' title='bbox 589 163 709 210; x_wconf 87' lang='lat' dir='ltr'>quamque</span> 
     </span>
     <span class='ocr_line' id='line_1_3' title="bbox 70 219 618 283; baseline -0.013 -13"><span class='ocrx_word' id='word_1_11' title='bbox 70 223 162 272; x_wconf 80' lang='lat' dir='ltr'>Invitae</span> <span class='ocrx_word' id='word_1_12' title='bbox 172 237 283 283; x_wconf 83' lang='lat' dir='ltr'>properes</span> <span class='ocrx_word' id='word_1_13' title='bbox 292 221 349 268; x_wconf 90' lang='lat' dir='ltr'>anni</span> <span class='ocrx_word' id='word_1_14' title='bbox 358 220 423 281; x_wconf 89' lang='lat' dir='ltr'>spem</span> <span class='ocrx_word' id='word_1_15' title='bbox 432 219 524 266; x_wconf 83' lang='lat' dir='ltr'>credere</span> <span class='ocrx_word' id='word_1_16' title='bbox 534 227 618 265; x_wconf 78' lang='lat' dir='ltr'>tenue.</span> 
     </span>
     <span class='ocr_line' id='line_1_4' title="bbox 70 279 664 346; baseline -0.017 -6"><span class='ocrx_word' id='word_1_17' title='bbox 70 289 145 340; x_wconf 84' lang='lat' dir='ltr'>Multi</span> <span class='ocrx_word' id='word_1_18' title='bbox 154 299 210 338; x_wconf 86' lang='lat' dir='ltr'>ante</span> <span class='ocrx_word' id='word_1_19' title='bbox 221 289 329 338; x_wconf 84' lang='lat' dir='ltr'>occasum</span> <span class='ocrx_word' id='word_1_20' title='bbox 338 287 417 334; x_wconf 83' lang='lat' dir='ltr'>Maiae</span> <span class='ocrx_word' id='word_1_21' title='bbox 429 300 538 346; x_wconf 86' lang='lat' dir='ltr'>coepere:</span> <span class='ocrx_word' id='word_1_22' title='bbox 558 283 598 332; x_wconf 80' lang='lat' dir='ltr'>sed</span> <span class='ocrx_word' id='word_1_23' title='bbox 609 279 664 330; x_wconf 89' lang='lat' dir='ltr'>illos</span> 
     </span>
     <span class='ocr_line' id='line_1_5' title="bbox 70 351 535 420; baseline -0.011 -16"><span class='ocrx_word' id='word_1_24' title='bbox 70 357 212 418; x_wconf 74' lang='lat' dir='ltr'>Exspettata</span> <span class='ocrx_word' id='word_1_25' title='bbox 221 357 283 418; x_wconf 78' lang='lat' dir='ltr'>seges</span> <span class='ocrx_word' id='word_1_26' title='bbox 292 353 359 402; x_wconf 83' lang='lat' dir='ltr'>vanis</span> <span class='ocrx_word' id='word_1_27' title='bbox 370 351 436 401; x_wconf 73' lang='lat' dir='ltr'>elusit</span> <span class='ocrx_word' id='word_1_28' title='bbox 448 351 535 420; x_wconf 77' lang='lat' dir='ltr'>avenis.</span> 
     </span>
     <span class='ocr_line' id='line_1_6' title="bbox 69 415 621 484; baseline -0.009 -13"><span class='ocrx_word' id='word_1_29' title='bbox 69 425 93 471; x_wconf 84' lang='lat' dir='ltr'>Si</span> <span class='ocrx_word' id='word_1_30' title='bbox 103 441 157 472; x_wconf 80' lang='lat' dir='ltr'>vero</span> <span class='ocrx_word' id='word_1_31' title='bbox 167 423 300 484; x_wconf 82' lang='lat' dir='ltr'>viciamque</span> <span class='ocrx_word' id='word_1_32' title='bbox 310 422 377 479; x_wconf 87' lang='lat' dir='ltr'>seres,</span> <span class='ocrx_word' id='word_1_33' title='bbox 387 419 503 484; x_wconf 85' lang='lat' dir='ltr'>vilemque</span> <span class='ocrx_word' id='word_1_34' title='bbox 513 415 621 477; x_wconf 85' lang='lat' dir='ltr'>faselum,</span> 
     </span>
     <span class='ocr_line' id='line_1_7' title="bbox 70 483 603 550; baseline -0.008 -12"><span class='ocrx_word' id='word_1_35' title='bbox 70 493 119 538; x_wconf 88' lang='lat' dir='ltr'>Nec</span> <span class='ocrx_word' id='word_1_36' title='bbox 129 488 262 550; x_wconf 75' lang='lat' dir='ltr'>Pelufiacae</span> <span class='ocrx_word' id='word_1_37' title='bbox 272 504 352 538; x_wconf 80' lang='lat' dir='ltr'>curant</span> <span class='ocrx_word' id='word_1_38' title='bbox 362 487 511 548; x_wconf 80' lang='lat' dir='ltr'>aspernabere</span> <span class='ocrx_word' id='word_1_39' title='bbox 520 483 603 543; x_wconf 86' lang='lat' dir='ltr'>lentis;</span> 
     </span>
     <span class='ocr_line' id='line_1_8' title="bbox 70 552 661 614; baseline -0.012 -8"><span class='ocrx_word' id='word_1_40' title='bbox 70 559 142 606; x_wconf 83' lang='lat' dir='ltr'>Haud</span> <span class='ocrx_word' id='word_1_41' title='bbox 151 557 248 605; x_wconf 84' lang='lat' dir='ltr'>obscura</span> <span class='ocrx_word' id='word_1_42' title='bbox 257 555 433 604; x_wconf 85' lang='lat' dir='ltr'>cadensmittet</span> <span class='ocrx_word' id='word_1_43' title='bbox 442 553 487 602; x_wconf 89' lang='lat' dir='ltr'>tibi</span> <span class='ocrx_word' id='word_1_44' title='bbox 495 552 558 614; x_wconf 70' lang='lat' dir='ltr'>signa</span> <span class='ocrx_word' id='word_1_45' title='bbox 568 556 661 600; x_wconf 76' lang='lat' dir='ltr'>Bootes.</span> 
     </span>
     <span class='ocr_line' id='line_1_9' title="bbox 71 619 712 685; baseline -0.006 -15"><span class='ocrx_word' id='word_1_46' title='bbox 71 623 161 685; x_wconf 82' lang='lat' dir='ltr'>lncip‘e,</span> <span class='ocrx_word' id='word_1_47' title='bbox 173 633 199 672; x_wconf 91' lang='lat' dir='ltr'>et</span> <span class='ocrx_word' id='word_1_48' title='bbox 210 625 241 672; x_wconf 81' lang='lat' dir='ltr'>ad</span> <span class='ocrx_word' id='word_1_49' title='bbox 251 623 340 671; x_wconf 78' lang='lat' dir='ltr'>medies</span> <span class='ocrx_word' id='word_1_50' title='bbox 351 622 481 670; x_wconf 80' lang='lat' dir='ltr'>sementem</span> <span class='ocrx_word' id='word_1_51' title='bbox 494 620 597 668; x_wconf 82' lang='lat' dir='ltr'><strong>extende</strong></span> <span class='ocrx_word' id='word_1_52' title='bbox 608 619 712 681; x_wconf 75' lang='lat' dir='ltr'><strong>pruinas.</strong></span> 
     </span>
     <span class='ocr_line' id='line_1_10' title="bbox 70 689 589 750; baseline -0.006 -13"><span class='ocrx_word' id='word_1_53' title='bbox 70 690 162 739; x_wconf 79' lang='lat' dir='ltr'><strong>Idcirco</strong></span> <span class='ocrx_word' id='word_1_54' title='bbox 171 690 243 738; x_wconf 85' lang='lat' dir='ltr'>certis</span> <span class='ocrx_word' id='word_1_55' title='bbox 251 689 380 749; x_wconf 82' lang='lat' dir='ltr'>dimensum</span> <span class='ocrx_word' id='word_1_56' title='bbox 390 689 498 750; x_wconf 85' lang='lat' dir='ltr'>partibus</span> <span class='ocrx_word' id='word_1_57' title='bbox 507 689 589 735; x_wconf 86' lang='lat' dir='ltr'>orbern</span> 
     </span>
     <span class='ocr_line' id='line_1_11' title="bbox 71 751 616 817; baseline -0.006 -13"><span class='ocrx_word' id='word_1_58' title='bbox 71 759 119 804; x_wconf 88' lang='lat' dir='ltr'>Per</span> <span class='ocrx_word' id='word_1_59' title='bbox 127 756 304 817; x_wconf 71' lang='lat' dir='ltr'>duodeut&#39;regit</span> <span class='ocrx_word' id='word_1_60' title='bbox 313 755 396 804; x_wconf 85' lang='lat' dir='ltr'>mundi</span> <span class='ocrx_word' id='word_1_61' title='bbox 406 752 447 804; x_wconf 86' lang='lat' dir='ltr'>Sol</span> <span class='ocrx_word' id='word_1_62' title='bbox 456 752 537 803; x_wconf 84' lang='lat' dir='ltr'>aureus</span> <span class='ocrx_word' id='word_1_63' title='bbox 549 751 616 802; x_wconf 83' lang='lat' dir='ltr'>astra.</span> 
     </span>
     <span class='ocr_line' id='line_1_12' title="bbox 74 820 767 888; baseline 0.001 -19"><span class='ocrx_word' id='word_1_64' title='bbox 74 822 190 888; x_wconf 75' lang='lat' dir='ltr'>Quinque</span> <span class='ocrx_word' id='word_1_65' title='bbox 198 830 281 872; x_wconf 83' lang='lat' dir='ltr'>tenent</span> <span class='ocrx_word' id='word_1_66' title='bbox 293 821 383 871; x_wconf 85' lang='lat' dir='ltr'>coelum</span> <span class='ocrx_word' id='word_1_67' title='bbox 392 839 479 871; x_wconf 84' lang='lat' dir='ltr'>zonae:</span> <span class='ocrx_word' id='word_1_68' title='bbox 498 837 601 884; x_wconf 84' lang='lat' dir='ltr'>quarum</span> <span class='ocrx_word' id='word_1_69' title='bbox 612 837 660 870; x_wconf 76' lang='lat' dir='ltr'>une</span> <span class='ocrx_word' id='word_1_70' title='bbox 670 820 767 872; x_wconf 73' lang='lat' dir='ltr'>&lt;onisco</span> 
     </span>
     <span class='ocr_line' id='line_1_13' title="bbox 74 887 675 951; baseline -0.003 -14"><span class='ocrx_word' id='word_1_71' title='bbox 74 892 173 951; x_wconf 85' lang='lat' dir='ltr'>Semper</span> <span class='ocrx_word' id='word_1_72' title='bbox 180 887 225 938; x_wconf 89' lang='lat' dir='ltr'>sole</span> <span class='ocrx_word' id='word_1_73' title='bbox 234 892 329 948; x_wconf 88' lang='lat' dir='ltr'>rubens,</span> <span class='ocrx_word' id='word_1_74' title='bbox 342 899 366 938; x_wconf 90' lang='lat' dir='ltr'>et</span> <span class='ocrx_word' id='word_1_75' title='bbox 377 890 467 938; x_wconf 83' lang='lat' dir='ltr'>torrida</span> <span class='ocrx_word' id='word_1_76' title='bbox 476 889 567 950; x_wconf 77' lang='lat' dir='ltr'>smper</span> <span class='ocrx_word' id='word_1_77' title='bbox 574 890 604 936; x_wconf 88' lang='lat' dir='ltr'>ab</span> <span class='ocrx_word' id='word_1_78' title='bbox 612 888 675 948; x_wconf 83' lang='lat' dir='ltr'>igni:</span> 
     </span>
     <span class='ocr_line' id='line_1_14' title="bbox 73 952 747 1021; baseline 0 -17"><span class='ocrx_word' id='word_1_79' title='bbox 73 957 152 1021; x_wconf 81' lang='lat' dir='ltr'>Qum</span> <span class='ocrx_word' id='word_1_80' title='bbox 161 956 250 1005; x_wconf 86' lang='lat' dir='ltr'>circum</span> <span class='ocrx_word' id='word_1_81' title='bbox 261 964 384 1004; x_wconf 79' lang='lat' dir='ltr'>extremae</span> <span class='ocrx_word' id='word_1_82' title='bbox 392 957 478 1002; x_wconf 79' lang='lat' dir='ltr'>dextra</span> <span class='ocrx_word' id='word_1_83' title='bbox 487 952 599 1016; x_wconf 80' lang='lat' dir='ltr'>laevaque</span> <span class='ocrx_word' id='word_1_84' title='bbox 611 953 747 1014; x_wconf 83' lang='lat' dir='ltr'>trahuntur,</span> 
     </span>
     <span class='ocr_line' id='line_1_15' title="bbox 73 1019 680 1085; baseline -0.007 -13"><span class='ocrx_word' id='word_1_85' title='bbox 73 1021 185 1072; x_wconf 78' lang='lat' dir='ltr'>Caerulea</span> <span class='ocrx_word' id='word_1_86' title='bbox 193 1021 268 1085; x_wconf 77' lang='lat' dir='ltr'>glaeie</span> <span class='ocrx_word' id='word_1_87' title='bbox 280 1030 403 1070; x_wconf 81' lang='lat' dir='ltr'>concretae</span> <span class='ocrx_word' id='word_1_88' title='bbox 412 1030 485 1082; x_wconf 88' lang='lat' dir='ltr'>atque</span> <span class='ocrx_word' id='word_1_89' title='bbox 492 1019 606 1068; x_wconf 79' lang='lat' dir='ltr'>imbribus</span> <span class='ocrx_word' id='word_1_90' title='bbox 615 1021 680 1068; x_wconf 85' lang='lat' dir='ltr'>atris.</span> 
     </span>
     <span class='ocr_line' id='line_1_16' title="bbox 70 1084 672 1150; baseline -0.005 -13"><span class='ocrx_word' id='word_1_91' title='bbox 70 1092 123 1138; x_wconf 86' lang='lat' dir='ltr'>Has</span> <span class='ocrx_word' id='word_1_92' title='bbox 134 1089 196 1140; x_wconf 86' lang='lat' dir='ltr'>inter</span> <span class='ocrx_word' id='word_1_93' title='bbox 205 1089 367 1150; x_wconf 87' lang='lat' dir='ltr'>mediamque,</span> <span class='ocrx_word' id='word_1_94' title='bbox 377 1089 437 1136; x_wconf 68' lang='lat' dir='ltr'>durae</span> <span class='ocrx_word' id='word_1_95' title='bbox 445 1084 587 1136; x_wconf 81' lang='lat' dir='ltr'>mortalibus</span> <span class='ocrx_word' id='word_1_96' title='bbox 596 1087 672 1146; x_wconf 80' lang='lat' dir='ltr'>aegris</span> 
     </span>
     <span class='ocr_line' id='line_1_17' title="bbox 71 1153 728 1216; baseline -0.003 -12"><span class='ocrx_word' id='word_1_97' title='bbox 71 1158 174 1204; x_wconf 85' lang='lat' dir='ltr'>Munere</span> <span class='ocrx_word' id='word_1_98' title='bbox 185 1153 301 1204; x_wconf 84' lang='lat' dir='ltr'>concessae</span> <span class='ocrx_word' id='word_1_99' title='bbox 310 1154 408 1210; x_wconf 63' lang='lat' dir='ltr'>divini:</span> <span class='ocrx_word' id='word_1_100' title='bbox 428 1164 452 1204; x_wconf 87' lang='lat' dir='ltr'>et</span> <span class='ocrx_word' id='word_1_101' title='bbox 463 1155 500 1203; x_wconf 84' lang='lat' dir='ltr'>via</span> <span class='ocrx_word' id='word_1_102' title='bbox 512 1154 572 1202; x_wconf 71' lang='lat' dir='ltr'>seslu</span> <span class='ocrx_word' id='word_1_103' title='bbox 583 1171 627 1216; x_wconf 88' lang='lat' dir='ltr'>per</span> <span class='ocrx_word' id='word_1_104' title='bbox 637 1155 728 1212; x_wconf 83' lang='lat' dir='ltr'>ambas,</span> 
     </span>
     <span class='ocr_line' id='line_1_18' title="bbox 71 1219 671 1284; baseline -0.005 -13"><span class='ocrx_word' id='word_1_105' title='bbox 71 1221 191 1284; x_wconf 87' lang='lat' dir='ltr'>Obliquus</span> <span class='ocrx_word' id='word_1_106' title='bbox 200 1223 280 1284; x_wconf 81' lang='lat' dir='ltr'>quase</span> <span class='ocrx_word' id='word_1_107' title='bbox 291 1221 410 1284; x_wconf 78' lang='lat' dir='ltr'>signorum</span> <span class='ocrx_word' id='word_1_108' title='bbox 420 1219 520 1270; x_wconf 84' lang='lat' dir='ltr'>verteret</span> <span class='ocrx_word' id='word_1_109' title='bbox 528 1223 594 1270; x_wconf 88' lang='lat' dir='ltr'>ordo.</span> <span class='ocrx_word' id='word_1_110' title='bbox 652 1239 671 1256; x_wconf 83' lang='lat'>·</span> 
     </span>
     <span class='ocr_line' id='line_1_19' title="bbox 69 1287 757 1351; baseline -0.001 -14"><span class='ocrx_word' id='word_1_111' title='bbox 69 1291 179 1340; x_wconf 88' lang='lat' dir='ltr'>Mundus</span> <span class='ocrx_word' id='word_1_112' title='bbox 189 1303 217 1338; x_wconf 87' lang='lat' dir='ltr'>ut</span> <span class='ocrx_word' id='word_1_113' title='bbox 227 1292 257 1340; x_wconf 85' lang='lat' dir='ltr'>ad</span> <span class='ocrx_word' id='word_1_114' title='bbox 267 1290 390 1351; x_wconf 85' lang='lat' dir='ltr'>Scythiam</span> <span class='ocrx_word' id='word_1_115' title='bbox 401 1287 583 1350; x_wconf 86' lang='lat' dir='ltr'>Rhiphaeasque</span> <span class='ocrx_word' id='word_1_116' title='bbox 591 1290 757 1336; x_wconf 75' lang='lat' dir='ltr'>arduus-arces·</span> 
     </span>
     <span class='ocr_line' id='line_1_20' title="bbox 70 1348 707 1418; baseline -0.005 -13"><span class='ocrx_word' id='word_1_117' title='bbox 70 1356 212 1418; x_wconf 81' lang='lat' dir='ltr'>Consurgit;</span> <span class='ocrx_word' id='word_1_118' title='bbox 232 1357 349 1418; x_wconf 84' lang='lat' dir='ltr'>premitur</span> <span class='ocrx_word' id='word_1_119' title='bbox 357 1348 449 1418; x_wconf 75' lang='lat' dir='ltr'>Libyae</span> <span class='ocrx_word' id='word_1_120' title='bbox 461 1357 563 1404; x_wconf 84' lang='lat' dir='ltr'>devexus</span> <span class='ocrx_word' id='word_1_121' title='bbox 574 1357 598 1403; x_wconf 89' lang='lat' dir='ltr'>in</span> <span class='ocrx_word' id='word_1_122' title='bbox 611 1355 707 1404; x_wconf 81' lang='lat' dir='ltr'>austros.</span> 
     </span>
     <span class='ocr_line' id='line_1_21' title="bbox 70 1421 647 1486; baseline 0 -16"><span class='ocrx_word' id='word_1_123' title='bbox 70 1423 121 1471; x_wconf 82' lang='lat' dir='ltr'>Hic</span> <span class='ocrx_word' id='word_1_124' title='bbox 129 1433 212 1472; x_wconf 85' lang='lat' dir='ltr'>vertex</span> <span class='ocrx_word' id='word_1_125' title='bbox 223 1424 292 1480; x_wconf 74' lang='lat' dir='ltr'>uobis</span> <span class='ocrx_word' id='word_1_126' title='bbox 301 1424 392 1486; x_wconf 85' lang='lat' dir='ltr'>semper</span> <span class='ocrx_word' id='word_1_127' title='bbox 403 1421 523 1470; x_wconf 84' lang='lat' dir='ltr'>sublimis:</span> <span class='ocrx_word' id='word_1_128' title='bbox 542 1433 567 1470; x_wconf 85' lang='lat' dir='ltr'>at</span> <span class='ocrx_word' id='word_1_129' title='bbox 580 1421 647 1471; x_wconf 88' lang='lat' dir='ltr'>illum</span> 
     </span>
     <span class='ocr_line' id='line_1_22' title="bbox 70 1489 731 1554; baseline -0.008 -17"><span class='ocrx_word' id='word_1_130' title='bbox 70 1491 121 1537; x_wconf 84' lang='lat' dir='ltr'>Sub</span> <span class='ocrx_word' id='word_1_131' title='bbox 132 1491 234 1550; x_wconf 74' lang='lat' dir='ltr'>pedibus</span> <span class='ocrx_word' id='word_1_132' title='bbox 242 1493 305 1551; x_wconf 68' lang='lat' dir='ltr'>‘Styx</span> <span class='ocrx_word' id='word_1_133' title='bbox 316 1502 368 1539; x_wconf 86' lang='lat' dir='ltr'>atra</span> <span class='ocrx_word' id='word_1_134' title='bbox 376 1491 451 1554; x_wconf 81' lang='lat' dir='ltr'>ridet,</span> <span class='ocrx_word' id='word_1_135' title='bbox 464 1489 593 1550; x_wconf 82' lang='lat' dir='ltr'>Manesque</span> <span class='ocrx_word' id='word_1_136' title='bbox 604 1491 731 1550; x_wconf 66' lang='lat' dir='ltr'>profundi„</span> 
     </span>
    </p>

    <p class='ocr_par' dir='ltr' id='par_1_3' title="bbox 29 1554 712 1814">
     <span class='ocr_line' id='line_1_23' title="bbox 29 1554 620 1614; baseline -0.005 -10"><span class='ocrx_word' id='word_1_137' title='bbox 29 1569 34 1580; x_wconf 83' lang='lat'><strong><em>¹</em></strong></span> <span class='ocrx_word' id='word_1_138' title='bbox 68 1555 201 1604; x_wconf 81' lang='lat' dir='ltr'>Maximus</span> <span class='ocrx_word' id='word_1_139' title='bbox 208 1554 251 1602; x_wconf 83' lang='lat' dir='ltr'>htc</span> <span class='ocrx_word' id='word_1_140' title='bbox 259 1557 320 1603; x_wconf 73' lang='lat' dir='ltr'>ilexu</span> <span class='ocrx_word' id='word_1_141' title='bbox 329 1556 419 1604; x_wconf 80' lang='lat' dir='ltr'>sinuoso</span> <span class='ocrx_word' id='word_1_142' title='bbox 427 1555 529 1604; x_wconf 81' lang='lat' dir='ltr'>elabitur</span> <span class='ocrx_word' id='word_1_143' title='bbox 536 1556 620 1614; x_wconf 74' lang='lat' dir='ltr'>anguis</span> 
     </span>
     <span class='ocr_line' id='line_1_24' title="bbox 69 1620 712 1682; baseline -0.008 -11"><span class='ocrx_word' id='word_1_144' title='bbox 69 1622 185 1678; x_wconf 88' lang='lat' dir='ltr'>Circum,</span> <span class='ocrx_word' id='word_1_145' title='bbox 196 1635 284 1682; x_wconf 84' lang='lat' dir='ltr'>perque</span> <span class='ocrx_word' id='word_1_146' title='bbox 295 1621 353 1668; x_wconf 84' lang='lat' dir='ltr'>duas</span> <span class='ocrx_word' id='word_1_147' title='bbox 362 1620 387 1668; x_wconf 88' lang='lat' dir='ltr'>iu</span> <span class='ocrx_word' id='word_1_148' title='bbox 399 1635 491 1666; x_wconf 87' lang='lat' dir='ltr'>morem</span> <span class='ocrx_word' id='word_1_149' title='bbox 501 1620 606 1666; x_wconf 84' lang='lat' dir='ltr'>fluminis</span> <span class='ocrx_word' id='word_1_150' title='bbox 616 1621 712 1678; x_wconf 74' lang='lat' dir='ltr'>Artius,</span> 
     </span>
     <span class='ocr_line' id='line_1_25' title="bbox 69 1684 605 1749; baseline -0.015 -11"><span class='ocrx_word' id='word_1_151' title='bbox 69 1688 167 1738; x_wconf 69' lang='lat' dir='ltr'>Areios</span> <span class='ocrx_word' id='word_1_152' title='bbox 179 1686 267 1734; x_wconf 87' lang='lat' dir='ltr'>Oceani</span> <span class='ocrx_word' id='word_1_153' title='bbox 279 1694 413 1736; x_wconf 81' lang='lat' dir='ltr'>metuentes</span> <span class='ocrx_word' id='word_1_154' title='bbox 424 1699 526 1749; x_wconf 87' lang='lat' dir='ltr'>aequore</span> <span class='ocrx_word' id='word_1_155' title='bbox 537 1684 605 1744; x_wconf 85' lang='lat' dir='ltr'>tingi.</span> 
     </span>
     <span class='ocr_line' id='line_1_26' title="bbox 71 1749 652 1814; baseline -0.007 -10"><span class='ocrx_word' id='word_1_156' title='bbox 71 1750 136 1812; x_wconf 81' lang='lat' dir='ltr'>Illic,</span> <span class='ocrx_word' id='word_1_157' title='bbox 148 1762 175 1802; x_wconf 92' lang='lat' dir='ltr'>ut</span> <span class='ocrx_word' id='word_1_158' title='bbox 185 1753 321 1814; x_wconf 88' lang='lat' dir='ltr'>perbibent,</span> <span class='ocrx_word' id='word_1_159' title='bbox 333 1762 376 1801; x_wconf 85' lang='lat' dir='ltr'>aut</span> <span class='ocrx_word' id='word_1_160' title='bbox 387 1749 530 1813; x_wconf 80' lang='lat' dir='ltr'>intempesta</span> <span class='ocrx_word' id='word_1_161' title='bbox 539 1749 590 1800; x_wconf 75' lang='lat' dir='ltr'>silet</span> <span class='ocrx_word' id='word_1_162' title='bbox 602 1768 652 1800; x_wconf 83' lang='lat' dir='ltr'>uox</span> 
     </span>
    </p>

    <p class='ocr_par' dir='ltr' id='par_1_4' title="bbox 14 1820 738 2086">
     <span class='ocr_line' id='line_1_27' title="bbox 14 1820 738 1882; baseline -0.004 -11"><span class='ocrx_word' id='word_1_163' title='bbox 14 1821 21 1848; x_wconf 80' lang='lat'>⁴·</span> <span class='ocrx_word' id='word_1_164' title='bbox 72 1827 181 1882; x_wconf 84' lang='lat' dir='ltr'>Semper,</span> <span class='ocrx_word' id='word_1_165' title='bbox 193 1829 218 1869; x_wconf 89' lang='lat' dir='ltr'>et</span> <span class='ocrx_word' id='word_1_166' title='bbox 229 1822 328 1870; x_wconf 87' lang='lat' dir='ltr'>obtenta</span> <span class='ocrx_word' id='word_1_167' title='bbox 337 1820 467 1869; x_wconf 88' lang='lat' dir='ltr'>densantur</span> <span class='ocrx_word' id='word_1_168' title='bbox 474 1820 543 1867; x_wconf 70' lang='lat' dir='ltr'>noste</span> <span class='ocrx_word' id='word_1_169' title='bbox 554 1822 682 1880; x_wconf 56' lang='lat' dir='ltr'>tenebrata¹</span> <span class='ocrx_word' id='word_1_170' title='bbox 736 1829 738 1836; x_wconf 67' lang='lat'><strong>⁴</strong></span> 
     </span>
     <span class='ocr_line' id='line_1_28' title="bbox 73 1887 657 1948; baseline 0 -12"><span class='ocrx_word' id='word_1_171' title='bbox 73 1893 130 1936; x_wconf 90' lang='lat' dir='ltr'>Aut</span> <span class='ocrx_word' id='word_1_172' title='bbox 144 1888 204 1936; x_wconf 86' lang='lat' dir='ltr'>redit</span> <span class='ocrx_word' id='word_1_173' title='bbox 216 1888 305 1936; x_wconf 73' lang='lat' dir='ltr'>duobis</span> <span class='ocrx_word' id='word_1_174' title='bbox 313 1891 418 1946; x_wconf 87' lang='lat' dir='ltr'>Aurora,</span> <span class='ocrx_word' id='word_1_175' title='bbox 431 1887 542 1948; x_wconf 84' lang='lat' dir='ltr'>diemque</span> <span class='ocrx_word' id='word_1_176' title='bbox 553 1888 657 1936; x_wconf 87' lang='lat' dir='ltr'>reducit:</span> 
     </span>
     <span class='ocr_line' id='line_1_29' title="bbox 73 1952 705 2016; baseline 0.005 -14"><span class='ocrx_word' id='word_1_177' title='bbox 73 1955 170 2014; x_wconf 88' lang='lat' dir='ltr'>Nosque</span> <span class='ocrx_word' id='word_1_178' title='bbox 179 1955 220 2002; x_wconf 89' lang='lat' dir='ltr'>ubi</span> <span class='ocrx_word' id='word_1_179' title='bbox 229 1955 319 2015; x_wconf 87' lang='lat' dir='ltr'>primus</span> <span class='ocrx_word' id='word_1_180' title='bbox 328 1955 394 2016; x_wconf 88' lang='lat' dir='ltr'>equis</span> <span class='ocrx_word' id='word_1_181' title='bbox 403 1954 489 2003; x_wconf 88' lang='lat' dir='ltr'>Oriens</span> <span class='ocrx_word' id='word_1_182' title='bbox 498 1955 597 2003; x_wconf 68' lang='lat' dir='ltr'>adflavit</span> <span class='ocrx_word' id='word_1_183' title='bbox 604 1952 705 2016; x_wconf 77' lang='lat' dir='ltr'>anhelis,</span> 
     </span>
     <span class='ocr_line' id='line_1_30' title="bbox 75 2017 596 2086; baseline 0.002 -18"><span class='ocrx_word' id='word_1_184' title='bbox 75 2017 128 2068; x_wconf 85' lang='lat' dir='ltr'>Illic</span> <span class='ocrx_word' id='word_1_185' title='bbox 135 2021 182 2069; x_wconf 87' lang='lat' dir='ltr'>sera</span> <span class='ocrx_word' id='word_1_186' title='bbox 192 2023 277 2068; x_wconf 89' lang='lat' dir='ltr'>rubens</span> <span class='ocrx_word' id='word_1_187' title='bbox 286 2022 392 2070; x_wconf 80' lang='lat' dir='ltr'>accendit</span> <span class='ocrx_word' id='word_1_188' title='bbox 403 2020 495 2086; x_wconf 83' lang='lat' dir='ltr'>lumina</span> <span class='ocrx_word' id='word_1_189' title='bbox 501 2021 596 2080; x_wconf 88' lang='lat' dir='ltr'>Vesper.</span> 
     </span>
    </p>

    <p class='ocr_par' dir='ltr' id='par_1_5' title="bbox 73 2087 767 2350">
     <span class='ocr_line' id='line_1_31' title="bbox 105 2087 645 2148; baseline -0.004 -10"><span class='ocrx_word' id='word_1_190' title='bbox 105 2088 171 2138; x_wconf 80' lang='lat' dir='ltr'>Hinc</span> <span class='ocrx_word' id='word_1_191' title='bbox 184 2087 335 2148; x_wconf 73' lang='lat' dir='ltr'>tempestates</span> <span class='ocrx_word' id='word_1_192' title='bbox 343 2088 415 2135; x_wconf 86' lang='lat' dir='ltr'>dubio</span> <span class='ocrx_word' id='word_1_193' title='bbox 426 2087 569 2148; x_wconf 86' lang='lat' dir='ltr'>praediscere</span> <span class='ocrx_word' id='word_1_194' title='bbox 580 2087 645 2136; x_wconf 86' lang='lat' dir='ltr'>coelo</span> 
     </span>
     <span class='ocr_line' id='line_1_32' title="bbox 73 2152 767 2215; baseline 0.001 -12"><span class='ocrx_word' id='word_1_195' title='bbox 73 2152 211 2203; x_wconf 76' lang='lat' dir='ltr'>Possumus:</span> <span class='ocrx_word' id='word_1_196' title='bbox 229 2153 286 2204; x_wconf 85' lang='lat' dir='ltr'>binc</span> <span class='ocrx_word' id='word_1_197' title='bbox 299 2153 420 2214; x_wconf 72' lang='lat' dir='ltr'>messisque</span> <span class='ocrx_word' id='word_1_198' title='bbox 429 2154 501 2211; x_wconf 88' lang='lat' dir='ltr'>diem,</span> <span class='ocrx_word' id='word_1_199' title='bbox 514 2155 654 2215; x_wconf 84' lang='lat' dir='ltr'>tempusque</span> <span class='ocrx_word' id='word_1_200' title='bbox 662 2153 767 2215; x_wconf 65' lang='lat' dir='ltr'>serendie</span> 
     </span>
     <span class='ocr_line' id='line_1_33' title="bbox 73 2217 652 2283; baseline 0 -13"><span class='ocrx_word' id='word_1_201' title='bbox 73 2226 105 2272; x_wconf 87' lang='lat' dir='ltr'>Et</span> <span class='ocrx_word' id='word_1_202' title='bbox 116 2223 216 2283; x_wconf 86' lang='lat' dir='ltr'>quando</span> <span class='ocrx_word' id='word_1_203' title='bbox 224 2221 325 2270; x_wconf 87' lang='lat' dir='ltr'>infidum</span> <span class='ocrx_word' id='word_1_204' title='bbox 334 2219 406 2270; x_wconf 87' lang='lat' dir='ltr'>remis</span> <span class='ocrx_word' id='word_1_205' title='bbox 415 2217 535 2282; x_wconf 82' lang='lat' dir='ltr'>impellere</span> <span class='ocrx_word' id='word_1_206' title='bbox 546 2236 652 2270; x_wconf 84' lang='lat' dir='ltr'>marmor</span> 
     </span>
     <span class='ocr_line' id='line_1_34' title="bbox 74 2285 675 2350; baseline 0 -13"><span class='ocrx_word' id='word_1_207' title='bbox 74 2288 220 2338; x_wconf 84' lang='lat' dir='ltr'>Conveniat:</span> <span class='ocrx_word' id='word_1_208' title='bbox 240 2290 336 2350; x_wconf 87' lang='lat' dir='ltr'>quando</span> <span class='ocrx_word' id='word_1_209' title='bbox 348 2297 453 2336; x_wconf 82' lang='lat' dir='ltr'>armatas</span> <span class='ocrx_word' id='word_1_210' title='bbox 464 2289 576 2336; x_wconf 87' lang='lat' dir='ltr'>deducere</span> <span class='ocrx_word' id='word_1_211' title='bbox 586 2285 675 2347; x_wconf 80' lang='lat' dir='ltr'>classes,</span> 
     </span>
    </p>

    <p class='ocr_par' dir='ltr' id='par_1_6' title="bbox 75 2353 592 2416">
     <span class='ocr_line' id='line_1_35' title="bbox 75 2353 592 2416; baseline -0.006 -11"><span class='ocrx_word' id='word_1_212' title='bbox 75 2362 124 2406; x_wconf 77' lang='lat' dir='ltr'>Aut</span> <span class='ocrx_word' id='word_1_213' title='bbox 136 2354 301 2415; x_wconf 82' lang='lat' dir='ltr'>tempestivam</span> <span class='ocrx_word' id='word_1_214' title='bbox 314 2353 377 2404; x_wconf 80' lang='lat' dir='ltr'>silvis</span> <span class='ocrx_word' id='word_1_215' title='bbox 387 2365 490 2406; x_wconf 82' lang='lat' dir='ltr'>evertere</span> <span class='ocrx_word' id='word_1_216' title='bbox 499 2355 592 2416; x_wconf 70' lang='lat' dir='ltr'>pinum.</span> 
     </span>
    </p>

    <p class='ocr_par' dir='ltr' id='par_1_7' title="bbox 76 2419 779 2620">
     <span class='ocr_line' id='line_1_36' title="bbox 78 2419 713 2484; baseline 0.002 -12"><span class='ocrx_word' id='word_1_217' title='bbox 78 2426 122 2474; x_wconf 80' lang='lat' dir='ltr'>Nec</span> <span class='ocrx_word' id='word_1_218' title='bbox 134 2422 222 2471; x_wconf 83' lang='lat' dir='ltr'>frustra</span> <span class='ocrx_word' id='word_1_219' title='bbox 230 2421 347 2483; x_wconf 77' lang='lat' dir='ltr'>signorum</span> <span class='ocrx_word' id='word_1_220' title='bbox 358 2424 439 2472; x_wconf 82' lang='lat' dir='ltr'>obitus</span> <span class='ocrx_word' id='word_1_221' title='bbox 446 2419 593 2484; x_wconf 81' lang='lat' dir='ltr'>speculamur</span> <span class='ocrx_word' id='word_1_222' title='bbox 603 2432 627 2472; x_wconf 89' lang='lat' dir='ltr'>et</span> <span class='ocrx_word' id='word_1_223' title='bbox 637 2431 713 2482; x_wconf 79' lang='lat' dir='ltr'>ortus,</span> 
     </span>
     <span class='ocr_line' id='line_1_37' title="bbox 76 2489 779 2552; baseline 0.003 -14"><span class='ocrx_word' id='word_1_224' title='bbox 76 2489 278 2552; x_wconf 82' lang='lat' dir='ltr'>Temporibusque</span> <span class='ocrx_word' id='word_1_225' title='bbox 288 2505 369 2551; x_wconf 87' lang='lat' dir='ltr'>parem</span> <span class='ocrx_word' id='word_1_226' title='bbox 380 2489 474 2539; x_wconf 79' lang='lat' dir='ltr'>diversis</span> <span class='ocrx_word' id='word_1_227' title='bbox 485 2497 588 2552; x_wconf 76' lang='lat' dir='ltr'>quatuor</span> <span class='ocrx_word' id='word_1_228' title='bbox 598 2505 698 2540; x_wconf 74' lang='lat' dir='ltr'>anuum.</span> <span class='ocrx_word' id='word_1_229' title='bbox 778 2545 779 2548; x_wconf 8' lang='grc' dir='ltr'><strong>Ἴ</strong></span> 
     </span>
     <span class='ocr_line' id='line_1_38' title="bbox 78 2555 673 2620; baseline 0.007 -18"><span class='ocrx_word' id='word_1_230' title='bbox 78 2559 180 2620; x_wconf 78' lang='lat' dir='ltr'>Frigidus</span> <span class='ocrx_word' id='word_1_231' title='bbox 192 2556 319 2616; x_wconf 81' lang='lat' dir='ltr'>agricolam</span> <span class='ocrx_word' id='word_1_232' title='bbox 330 2555 347 2606; x_wconf 84' lang='lat' dir='ltr'>st</span> <span class='ocrx_word' id='word_1_233' title='bbox 360 2559 457 2620; x_wconf 85' lang='lat' dir='ltr'>quando</span> <span class='ocrx_word' id='word_1_234' title='bbox 468 2557 576 2608; x_wconf 84' lang='lat' dir='ltr'>continet</span> <span class='ocrx_word' id='word_1_235' title='bbox 587 2557 673 2616; x_wconf 69' lang='lat' dir='ltr'>iether,</span> 
     </span>
    </p>

    <p class='ocr_par' dir='ltr' id='par_1_8' title="bbox 75 2623 744 2758">
     <span class='ocr_line' id='line_1_39' title="bbox 77 2623 744 2686; baseline 0.003 -16"><span class='ocrx_word' id='word_1_236' title='bbox 77 2625 164 2684; x_wconf 85' lang='lat' dir='ltr'>Multa,</span> <span class='ocrx_word' id='word_1_237' title='bbox 176 2625 256 2673; x_wconf 84' lang='lat' dir='ltr'>forent</span> <span class='ocrx_word' id='word_1_238' title='bbox 268 2639 330 2686; x_wconf 86' lang='lat' dir='ltr'>quae</span> <span class='ocrx_word' id='word_1_239' title='bbox 340 2641 405 2675; x_wconf 62' lang='lat' dir='ltr'>moa„</span> <span class='ocrx_word' id='word_1_240' title='bbox 411 2623 477 2676; x_wconf 86' lang='lat' dir='ltr'>coelo</span> <span class='ocrx_word' id='word_1_241' title='bbox 488 2627 638 2686; x_wconf 79' lang='lat' dir='ltr'>properandis</span> <span class='ocrx_word' id='word_1_242' title='bbox 646 2625 744 2682; x_wconf 60' lang='lat' dir='ltr'>sumno..</span> 
     </span>
     <span class='ocr_line' id='line_1_40' title="bbox 75 2691 647 2758; baseline 0.002 -18"><span class='ocrx_word' id='word_1_243' title='bbox 75 2691 197 2742; x_wconf 76' lang='lat' dir='ltr'>Maturare</span> <span class='ocrx_word' id='word_1_244' title='bbox 204 2693 273 2742; x_wconf 79' lang='lat' dir='ltr'>datur</span> <span class='ocrx_word' id='word_1_245' title='bbox 282 2708 288 2741; x_wconf 75' lang='grc' dir='ltr'><strong>ι</strong></span> <span class='ocrx_word' id='word_1_246' title='bbox 308 2695 393 2744; x_wconf 74' lang='lat' dir='ltr'>diuum</span> <span class='ocrx_word' id='word_1_247' title='bbox 402 2692 512 2758; x_wconf 78' lang='lat' dir='ltr'>procudit</span> <span class='ocrx_word' id='word_1_248' title='bbox 524 2701 605 2742; x_wconf 76' lang='lat' dir='ltr'>mutos</span> <span class='ocrx_word' id='word_1_249' title='bbox 644 2703 647 2714; x_wconf 91' lang='lat'><em>·</em></span> 
     </span>
    </p>
   </div>
   <div class='ocr_carea' id='block_1_3' title="bbox 0 0 913 2904">
    <p class='ocr_par' dir='ltr' id='par_1_9' title="bbox 0 0 913 2904">
     <span class='ocr_line' id='line_1_41' title="bbox 0 0 913 2904; baseline 0 0"><span class='ocrx_word' id='word_1_250' title='bbox 0 0 913 2904; x_wconf 95' lang='lat' dir='ltr'> </span> 
     </span>
    </p>
   </div>
  </div>
 </body>
</html>
