1818 2914
160 43 416 109 ununruos
449 55 536 104 nic.
566 56 608 103 vr.
661 67 717 118 μγ.
777 69 824 121 203

83 168 156 215 Mens
165 157 239 225 agitat
249 159 346 219 molem,
358 168 383 207 et
391 174 478 221 magno
489 158 512 206 se
521 172 618 221 corpore
627 159 717 209 miscet.

83 233 143 280 lude
155 231 278 279 hominum
290 227 453 290 pecudumque
465 242 546 286 genus,
559 228 669 288 vitaeque
680 225 814 289 volantum,
894 265 895 272 ,

84 302 120 348 Et
130 314 190 359 quae
198 311 329 344 marmoreo
340 296 388 342 fert
399 291 502 340 monslra
513 294 553 341 sub
565 309 667 356 aequore
678 304 774 356 pontus.

84 369 168 426 lgneus
180 362 212 412 est
221 360 274 410 ollis
282 362 357 422 vigor,
370 370 394 410 et
407 357 508 408 coelestis
517 360 583 422 origo

82 432 227 486 Seminibus3
247 438 365 490 quantum
376 442 425 476 non
437 426 508 474 noxia
518 443 616 488 corpora
625 429 733 488 tardant,

81 498 227 559 Terrenique
238 496 352 544 hebetant
364 504 440 551 artus,
451 494 640 556 moribundaque
651 499 766 544 membra.

83 565 148 615 Hinc
155 571 263 613 metuunt
271 562 427 622 cupiuntque,
433 558 516 620 dolent
523 563 686 624 gaudentque:
699 579 777 626 neque
785 579 827 612 au·

85 630 233 692 Respiciunt,
242 628 331 678 clausae
339 627 450 685 tenebris,
461 637 485 676 et
497 643 586 676 carcere
594 645 670 678 caeco.
777 635 826 700 [ras

84 697 150 763 Qlss
159 707 184 746 et
196 697 304 756 supremo
312 711 365 743 cum
377 693 467 742 lumine
476 694 525 743 vita
535 693 639 758 reliquit,

81 767 142 813 Non
151 773 233 812 tamen
241 777 312 809 omne
323 759 411 809 malum
422 761 519 818 miseris,
532 778 576 810 nec
586 763 692 812 funditus
701 779 784 816 omnes

81 833 216 890 corporeae
226 829 342 878 excedunt
353 827 439 889 pelles3
459 829 598 890 penitusque
608 827 696 882 necesse
703 830 737 880 esl

82 895 164 946 Multa
175 897 215 944 diu
224 906 334 944 concreta
345 896 422 942 modis
431 893 554 942 inolescere
562 896 641 942 miris:

82 967 147 1024 Ergo
158 973 296 1012 exercentur
306 961 399 1023 poenis,
410 971 564 1022 veterumque
576 960 693 1012 malorum

82 1029 204 1089 Supplicia
214 1031 362 1091 expendunt.
381 1027 452 1075 Aliae
464 1030 601 1089 panduntur
609 1029 695 1080 inanes

83 1095 211 1155 Suspensae
221 1099 252 1144 ad
261 1105 360 1146 ventos:
380 1094 432 1143 aliis
440 1095 484 1144 sub
491 1095 581 1157 gurgite
589 1095 655 1145 vaslo

70 1164 201 1212 ,infestum
212 1161 297 1212 eluitur
307 1161 387 1220 scelus,
399 1173 439 1212 aut
451 1163 558 1212 exuritur
566 1164 623 1225 igni.

84 1229 191 1294 Qisque
202 1229 364 1291 suospotimur
372 1233 472 1279 Manes:
492 1231 577 1280 exinde
589 1232 750 1304 peramplum

81 1297 207 1345 Mittimur
217 1295 332 1359 Elysium,
344 1308 368 1346 et
380 1299 449 1358 pauci
460 1295 521 1348 laeta
532 1315 588 1347 arva
598 1309 722 1352 tenemus:

80 1365 167 1412 Donec
179 1362 249 1424 longa
259 1365 309 1412 dies
319 1365 422 1422 perscslo
430 1365 544 1425 temporis
552 1369 610 1414 orbe
745 1409 757 1438 ⁹

80 1432 227 1478 Concretcun
238 1430 329 1474 exemit
339 1427 427 1485 labem,
439 1445 572 1490 purumque
583 1431 679 1494 reliquit
724 1435 725 1440 ’
820 1439 821 1444 ’
895 1477 896 1492 ,

78 1492 229 1545 Aetherium
240 1491 340 1548 sensum,
352 1502 424 1551 atque
435 1497 500 1548 aurai
512 1494 622 1562 simplicis
633 1498 720 1557 ignem.

78 1563 135 1610 Has
146 1573 239 1614 omnes,
251 1557 292 1604 ubi
302 1554 367 1604 mille
372 1566 450 1604 rotam
460 1556 552 1606 volvbre
560 1577 602 1620 per
609 1575 693 1622 annos,

79 1625 219 1682 Lethaeum
231 1625 263 1672 ad
275 1622 372 1670 fluvium
384 1624 450 1672 Deus
460 1635 541 1675 evocat
552 1626 646 1688 agmine
657 1647 758 1694 magno:

78 1691 176 1742 Scilicet
188 1692 339 1739 immemores
347 1690 428 1752 supero
436 1701 466 1742 ut
475 1707 580 1742 convexa
588 1694 698 1758 revisunt,

80 1759 173 1808 Rursus
181 1767 205 1808 et
215 1757 332 1820 incipiant
343 1758 367 1806 in
379 1773 478 1820 corpora
489 1757 548 1809 velle
559 1764 652 1812 reverti.

79 1827 186 1876 Dixerat
194 1823 324 1873 Anchises:
343 1835 475 1889 natumque
483 1828 699 1893 unaquesuytum

80 1895 221 1941 Conventus
231 1892 306 1941 trahit
317 1885 342 1940 i'n
354 1894 453 1954 medios,
464 1899 608 1960 turbamque
618 1901 756 1952 sonantemt
805 1905 811 1912 '

79 1962 116 2009 Et
128 1958 247 2007 tumulum
260 1959 332 2020 capit,
344 1963 407 2008 unde
417 1977 501 2011 omncs
511 1961 583 2026 longo
593 1968 676 2016 ordine
687 1968 757 2030 pouit
790 2023 794 2028 ,

78 2023 203 2075 Adversus
214 2023 295 2085 legere,
307 2037 333 2074 et
344 2027 481 2076 venientum
493 2029 578 2078 discere
589 2031 676 2080 vultus.

115 2095 189 2140 Nuuc
199 2107 250 2152 age,
263 2093 410 2140 Dardaniam
419 2093 520 2154 prolem,
532 2113 594 2158 quae
602 2098 687 2146 deiude
698 2099 807 2162 sequmur

79 2156 176 2217 Gloria,
188 2159 229 2220 qui
240 2168 354 2206 maneant
362 2157 422 2207 itala
433 2162 462 2208 de
473 2172 543 2221 geute
554 2171 662 2223 nepotes,

78 2221 185 2282 illustres
195 2226 294 2282 animas,
304 2223 457 2287 nostrumque
463 2227 488 2274 in
500 2243 589 2276 nornen
601 2227 683 2294 ituras,

77 2291 215 2351 Expediam
224 2293 301 2349 distis,
314 2301 338 2340 et
350 2302 374 2340 te
382 2302 423 2340 tua
432 2295 483 2341 sata
494 2295 591 2342 docebo.

78 2356 133 2416 lile,
144 2357 221 2406 vides?
239 2373 297 2419 pum
304 2359 397 2421 juvenis
405 2360 447 2426 qui
457 2359 545 2410 nititur
556 2361 629 2424 hasla,
669 2401 671 2408 ,

77 2423 195 2472 Proxima
207 2425 267 2474 sorte
276 2435 341 2474 tenet
354 2424 411 2474 lucis
420 2424 482 2484 loca3
501 2428 591 2488 primus
599 2433 630 2480 ad
639 2449 706 2484 auras

75 2491 209 2538 Aetherius
220 2490 279 2539 italo
289 2491 425 2542 commistus
433 2493 544 2555 sanguine
552 2495 638 2558 surget,

77 2554 183 2616 Sylvius,
197 2555 320 2606 Albanum
334 2575 430 2618 nomeu,
440 2571 481 2610 tua
491 2561 598 2622 postuma
610 2563 701 2628 proless

78 2625 161 2688 Qem
174 2623 219 2671 tibi
232 2621 344 2685 longaevo
355 2627 428 2680 serum
440 2627 542 2677 Lavinia
553 2630 642 2692 conjux

77 2692 176 2742 Educet
187 2686 256 2751 syltis
267 2704 355 2753 regem,
364 2691 495 2759 regumque
502 2699 646 2758 pirunteus
