1818 2914
152 55 409 126 nunninus
442 55 529 106 ΗΒ.
562 55 628 104 vm.
666 67 732 124 319.
782 69 831 121 23⁷

84 165 185 214 Primus
196 165 226 212 ab
238 159 343 210 aetherio
354 158 419 209 venit
430 163 545 209 Saturnus
553 156 670 220 Olympo,

114 249 169 281 rma
180 229 245 294 Jovis
257 229 359 288 fugiens,
371 235 396 275 et
407 226 502 287 regnis
496 224 560 274 exsul
571 226 681 274 ademtis}

99 314 111 346 s
123 311 213 358 genus
207 289 316 352 indocile,
332 309 361 342 ac
372 293 497 354 dispersum
510 295 633 340 montibus
644 291 700 342 altis

84 358 238 425 Composuit,
251 358 356 423 legesque
367 361 447 408 dedit·
466 363 478 408 1
481 361 613 421 atiumque
624 359 703 410 vocati

85 429 189 488 Maluit,
200 429 238 481 his
248 428 362 491 quoniam
375 424 477 476 latuiilet
486 435 554 476 tutus
566 427 590 475 in
602 427 680 475 on's.

85 499 180 554 Aurea,
194 511 255 558 quae
262 495 397 556 perhibent
410 493 452 543 illo
463 495 504 542 sub
515 509 567 556 rege
578 496 676 544 inerunt

88 563 186 613 seculae
205 562 236 612 stc
248 561 340 624 placida
352 559 468 622 populos
461 577 487 609 m
498 577 556 622 pace
564 563 666 622 regebat.

86 631 286 680 Deterior‘donec
294 627 419 690 paullatim
431 643 460 676 ac
470 625 564 676 decolor
575 637 649 686 aetas,

90 699 126 746 Et
138 695 195 745 belli
206 697 289 754 rabies,
301 705 326 744 et
337 711 405 745 amor
415 693 518 744 succeffit
529 693 640 745 habendi.

89 764 158 812 Tum
171 779 255 810 uranus
264 763 383 822 Ausonia·
392 771 415 812 et
425 771 508 823 gentes
519 760 602 810 venere
612 762 721 821 Sicanae3

89 829 189 890 Saepius
199 839 223 878 et
235 843 323 878 nomen
334 829 412 890 posuit
420 827 530 878 Saturnia
540 826 619 877 tellus.

87 897 156 944 Tum
167 891 365 958 regespasperqne
376 895 477 942 immani
488 909 584 956 corpore
593 895 698 955 Tybrist

89 963 117 1010 A
129 979 177 1023 quo
187 961 238 1024 post
247 961 301 1012 itali
314 964 410 1010 fluvium
422 961 564 1022 cognomine
572 962 684 1023 Tybriml
713 989 714 994 =

90 1028 221 1076 Diximus:
241 1029 318 1077 amisit
330 1041 409 1078 rerum
423 1039 492 1077 vetus
502 1025 592 1076 Albula
603 1043 701 1075 nomen.-

89 1097 135 1142 Me
145 1093 236 1154 pulsnm
246 1095 336 1160 patria,
348 1095 472 1158 pelagique
482 1106 589 1143 extrema
601 1093 747 1156 sequentem,

90 1163 198 1210 Fortuna
208 1163 371 1224 omnipotens
372 1173 395 1213 et
407 1160 555 1210 ineludlabile
564 1163 641 1210 fatum
698 1169 701 1181 ¹
735 1194 740 1203 ι

90 1227 137 1276 His
148 1226 243 1288 posuere
253 1227 325 1278 locis·
344 1231 472 1291 matrisque
483 1227 550 1290 egere
560 1230 684 1290 tremenda

91 1295 234 1344 Carmentis
239 1297 368 1358 Nymphae
379 1298 481 1355 monita,
494 1305 518 1344 et
529 1299 597 1346 Dens
607 1298 688 1345 auctor
698 1291 800 1356 Apollo.

124 1361 172 1408 Vix
182 1377 210 1409 ea
219 1363 297 1409 dida:
313 1363 404 1412 ‹lehine
414 1360 543 1423 progressus
554 1361 669 1412 monstrat
680 1371 705 1412 et
716 1375 792 1421 mam,

91 1426 132 1474 Et
138 1425 314 1473 Carmentalem
324 1430 436 1475 Romano
448 1427 545 1483 nomine
556 1438 665 1487 portem.

23 1515 35 1532 κ
92 1493 175 1555 Qam
187 1497 322 1538 memorant
334 1491 454 1552 nymphae
464 1492 564 1551 priscum
574 1495 709 1543 Carmentis
717 1493 832 1544 honorem

90 1557 161 1608 Vatis
173 1555 300 1613 fatidicae,
320 1557 405 1606 cecinit
416 1570 482 1618 quae
487 1557 564 1620 prima
573 1560 667 1608 futuros

91 1615 221 1674 Aeneadas
232 1639 341 1684 magnos,
354 1633 378 1672 et
389 1621 469 1671 nobile
480 1620 637 1672 Pallanteum.

89 1689 158 1740 Hinc
169 1687 268 1738 lucum
261 1698 391 1750 mgentem,
400 1706 475 1752 quem
486 1689 603 1738 Romulus
613 1704 666 1739 acer
672 1689 778 1752 Asylum

92 1754 197 1814 Retulit,
209 1766 234 1806 et
246 1755 322 1817 gelida
332 1757 450 1807 monstrat
460 1757 500 1805 sub
512 1771 569 1818 rupe
580 1755 707 1819 Lupercal,
773 1818 780 1824 ,

93 1821 216 1872 Parrhasio
227 1824 314 1871 ditium
329 1827 408 1874 Panos
418 1828 450 1874 de
458 1840 525 1872 more
535 1825 632 1886 Lycaei.
728 1839 730 1842 ·

93 1893 144 1938 Nec
156 1907 203 1938 non
215 1901 239 1939 et
250 1891 307 1939 sacri
319 1891 434 1941 monstrat
445 1907 529 1940 nemus
540 1891 658 1954 Argiletit

91 1955 248 2018 Testaturque
259 1955 346 2018 locum,
364 1968 389 2006 et
400 1958 491 2008 lethum
503 1960 573 2008 docet
584 1959 684 2019 hospitis
695 1959 765 2020 Argi.

93 2023 158 2072 Hinc
170 2025 200 2070 ad
208 2024 334 2084 'Tarpeiam
348 2025 434 2082 sedem,
446 2035 470 2072 et
482 2024 688 2086 Capitoliumne,

93 2093 175 2152 Aurea
187 2105 257 2147 nune,
270 2089 327 2137 olim
340 2089 486 2150 sylvestribus
497 2091 593 2138 horrida
604 2088 691 2152 dumio.

94 2158 148 2220 Jam
160 2165 212 2203 tnm
223 2155 315 2216 relligio
326 2156 423 2216 pavidos
435 2159 538 2204 terrebat
549 2154 648 2216 agrestes

93 2221 153 2270 Dira
165 2220 222 2280 loci·
239 2223 289 2285 jam
301 2231 353 2271 tum
367 2219 455 2284 sylvam
468 2224 598 2283 smrumque
609 2225 752 2273 tremebant.

68 2287 73 2295 “
93 2291 248 2347 Hoenemns,
260 2289 333 2347 hunc,
347 2288 436 2350 inquit
448 2289 560 2338 frondoso
571 2289 656 2338 vertice
665 2289 761 2350 collem

94 2354 248 2420 (QuisDens‚
261 2355 377 2405 incertum
390 2355 434 2418 est)
444 2356 538 2404 habitae
547 2357 625 2405 Dens.
640 2360 746 2407 Arcades
754 2327 831 2421 ipsum

93 2423 198 2470 Credunt
210 2423 233 2469 se
243 2417 323 2470 vidille
333 2425 426 2486 Jovem,
439 2423 494 2471 clun
508 2422 573 2484 saepe
584 2424 719 2484 nigrantem

92 2488 186 2550 Aegida
198 2499 333 2537 concuteret
346 2490 439 2548 dextra,
450 2489 682 2551 nimbosquqcieret.
770 2532 782 2544 s

90 2558 157 2606 Haec
168 2555 216 2602 dno
228 2565 347 2615 praeterea
358 2525 458 2618 disjediis
469 2558 558 2619 oppida
570 2557 660 2616 muris‚·

92 2620 232 2684 Relliquias‚
245 2631 398 2684 veterumque
408 2624 472 2672 vides
484 2633 640 2672 monumenta
650 2623 764 2672 virorum.

92 2691 161 2737 Hanc
169 2691 243 2754 Janus
253 2697 330 2752 pater,
341 2687 531 2750 hancdatulnue
538 2690 646 2740 condidit
655 2694 757 2742 urbemi
