1814 2910
11 85 12 130 ῃ
86 67 116 116 tr
225 57 708 124 onono.nrn.1v.17-9..

82 163 115 210 Er
125 161 217 210 munire
228 164 302 220 faros,
312 169 336 210 et
344 159 450 209 Daedala
459 159 545 220 lingere
555 163 626 208 tedia.

81 231 120 276 At
128 223 196 276 fessae
206 227 281 276 multa
291 231 393 275 referunt
402 225 424 274 se
436 227 504 274 noste
516 228 628 284 minores,
718 257 721 266 =

82 297 156 342 Crura
168 296 254 357 thymo
265 293 359 354 plenae3
379 293 506 354 pascuntur
514 303 539 342 et
547 297 631 342 arbuta
639 294 733 354 paffim,
791 320 794 328 ν

81 364 115 409 Et
125 361 218 422 glaucus
228 359 313 417 salices,
325 358 464 420 eadamque,
478 375 618 421 crocumque
625 363 767 420 rubentem,

80 429 116 477 Et
128 430 236 490 pinguem
249 425 334 484 tiliam,
348 436 373 474 et
384 427 527 486 senugineos
539 427 692 488 hyacinthos.

81 497 253 543 Omnibusuna
266 493 331 554 quies
340 509 448 554 operum,
462 491 529 541 labor
537 495 648 542 omnibns
657 509 726 543 unus.
805 517 807 522 ·

80 566 155 611 Mane
162 569 233 609 ruunt
244 560 334 620 portis;
353 562 467 622 nusquam
479 576 553 607 mora.
573 563 663 610 Rursus
675 562 765 610 easdem
816 557 824 580 ³

80 629 166 690 Vesper
178 626 217 674 ubi
227 628 240 672 i:
252 625 318 687 pastu
327 629 425 674 tandem
436 628 544 675 decedere
553 628 645 690 campis

80 693 229 751 Admonuit3
249 701 302 740 tum
315 695 383 742 tene
389 703 484 754 petunt,
497 704 549 741 tum
562 711 662 756 corpore
673 702 772 744 curantr
788 703 806 733 '1

79 763 119 809 Fit
131 759 229 816 sonitus,
242 757 391 821 mussantque
401 770 486 812 oraret
497 759 580 809 limina
592 763 689 810 circum.
710 783 712 790 ·

80 826 144 885 Post,
156 827 198 874 ubi
207 828 257 888 jam
267 826 380 881 thalamis
391 827 416 879 se,
425 826 583 887 composuere,
596 825 676 875 filetur
693 851 699 856 ·

79 897 107 942 ln
117 895 220 949 nottem,
231 891 343 954 fessosque
354 895 424 955 sopor
430 893 482 940 suus
493 902 674 954 occuparentur.

77 963 130 1008 Nec
141 975 196 1020 vero
210 959 336 1019 turbulis,
349 959 428 1022 pluria
440 960 601 1020 impendente,
614 960 726 1008 recedunt

77 1027 198 1087 Longius3
217 1029 369 1077 aut'credunt
381 1025 455 1083 coelo,
468 1026 741 1075 adventantibusEurisr

78 1095 124 1142 Sed
134 1095 220 1143 circum
231 1105 297 1145 tutae
306 1095 346 1141 sub
357 1094 479 1140 moenibus
487 1094 552 1140 urbis
563 1103 691 1152 aquantur,

76 1162 239 1222 Excursusque
248 1163 327 1208 breves
336 1167 447 1208 tentant:
467 1167 491 1205 et
501 1158 566 1220 saepe
577 1157 680 1220 lapillos,

81 1231 114 1276 Ut
124 1224 359 1290 cymbaeinsiahiles,
374 1225 562 1287 liutiuj'aslante,
576 1226 704 1283 saburram,

77 1293 195 1343 Tollunt:
215 1294 252 1342 his
261 1293 305 1339 sese
317 1309 359 1351 per
368 1289 448 1344 inania
458 1287 538 1338 nubila
548 1289 644 1338 librant.

78 1359 218 1422 lllumpadeo
229 1355 337 1420 placuisse
347 1357 429 1418 apibus
442 1357 555 1404 mirabere
563 1373 667 1415 morem,

80 1429 152 1493 Qod
160 1443 202 1477 nee
210 1425 336 1474 concubitu
348 1423 481 1484 indulgent,
494 1440 537 1471 nec
548 1439 646 1486 corpora
657 1424 736 1485 segnes

78 1497 107 1542 In
119 1497 234 1542 Venerem
245 1491 347 1550 solvunt,
361 1501 400 1540 aut
414 1494 491 1538 foetus
502 1491 598 1538 nixibus
608 1493 692 1539 edunt.

78 1564 165 1610 Verum
175 1561 236 1622 ipsae
249 1561 261 1606 ὲ
272 1558 421 1616 soliisnntos,
432 1567 456 1605 et
465 1557 572 1605 suavibus
580 1558 659 1605 herbis
686 1571 692 1578 ·

79 1631 127 1676 Ore
135 1625 231 1689 leguntr'
252 1626 313 1688 ipsae
323 1641 400 1686 regem
413 1625 542 1686 parvosque
553 1625 658 1687 Quirites

79 1694 201 1743 Sufficiunt
210 1714 217 1751 ς
237 1693 346 1753 aulasque
358 1703 382 1740 et
394 1709 458 1738 cerea
467 1706 538 1750 regna
548 1691 673 1749 refingunt:

79 1765 153 1822 Saepe
161 1762 243 1817 etiarn,
253 1760 317 1806 duris
328 1760 428 1804 errando
438 1759 461 1802 in
471 1757 572 1811 cotibus,
585 1753 633 1802 alas

78 1821 210 1883 Attrivere,
221 1823 330 1882 ultroque
339 1823 443 1868 animam
453 1821 493 1868 sub
502 1821 562 1866 susce
573 1821 670 1866 dederet

78 1895 173 1941 Tantus
182 1905 249 1938 amor
258 1891 351 1945 tiorum,
363 1895 386 1934 ct
399 1885 524 1945 generandi
536 1885 609 1946 gloria
621 1883 706 1936 mellis.

78 1961 143 2020 Eigo
154 1957 214 2019 ipsas
223 1955 332 2017 quamuis
343 1952 433 2014 angusli
444 1953 561 2001 terminus
572 1953 623 2000 neri
689 1958 691 1964 ’

79 2026 205 2087 Excipiam
226 2021 387 2086 (nequeenim
397 2019 449 2081 plus
461 2020 561 2080 septima
570 2019 665 2068 ducitur
672 2018 756 2080 aestas)

79 2099 119 2144 At
128 2109 199 2154 genus
211 2087 347 2140 immortale
359 2097 449 2146 mann,
460 2086 595 2148 multosque
602 2103 644 2147 per
654 2101 730 2134 annos

80 2165 134 2210 Stat
144 2163 238 2207 fortuna
249 2155 343 2213 domin,
356 2153 380 2202 et
392 2155 430 2202 avi
439 2163 594 2202 numerantur
604 2167 710 2200 avorum.

80 2231 203 2276 Praeterea
213 2223 288 2285 regem
302 2239 351 2270 non
361 2220 391 2268 fic
401 2225 536 2282 Aegyptus,
548 2228 571 2266 et
583 2219 665 2277 ingens

80 2295 168 2355 Lydio,
181 2308 224 2340 nec
233 2287 314 2352 populi
325 2287 478 2344 Parthorum,
491 2297 532 2335 aut
540 2285 625 2333 Medus
635 2284 757 2346 Hydaspes
828 2339 835 2347 ¹

81 2360 221 2410 observant.
244 2361 308 2418 Rege
320 2349 442 2412 incolumi,
455 2369 524 2402 mens
532 2353 643 2412 omnibus
652 2367 700 2400 una
712 2350 767 2411 estg‘

80 2423 185 2482 Amisso,
198 2440 279 2486 rupere
288 2423 372 2480 fidem3
392 2419 568 2482 construtinque
580 2417 651 2467 mella

80 2493 206 2558 Diripuere
216 2491 287 2552 ipsae,
300 2501 325 2537 et
336 2497 411 2538 crates
421 2487 506 2536 solvere
516 2491 632 2536 sanorum.

81 2557 124 2606 llle
133 2574 228 2619 operum
238 2556 322 2614 custos,
335 2554 402 2603 illum
412 2556 569 2613 admiruntur,
581 2564 605 2602 et
617 2569 700 2601 omnes

82 2623 241 2672 Circumstant
254 2623 350 2671 fremitu
362 2623 442 2681 denso,
455 2621 590 2682 stipantque
601 2622 746 2682 frequentes,

107 2699 115 2714 ⁴
125 2692 191 2752 saepe
199 2689 316 2740 attollunt
322 2689 435 2750 humeris,
447 2699 471 2738 et
481 2703 581 2750 corpora
591 2685 653 2736 bello
