1818 2914
90 21 139 73 roe
207 29 652 84 Annarnosnrn.v1.
699 34 756 94 84⁴·

89 121 240 170 Fabricium?
257 123 296 170 vel
304 133 329 172 te
337 121 407 179 sulco,
420 125 527 180 Semne,
540 122 675 172 serentem?

89 189 145 254 Qu
156 185 238 236 sessum
251 190 342 250 rapitis,
357 187 437 234 Fabii?
453 197 482 236 tu
492 188 616 237 Maximus
624 191 664 239 ille
672 208 706 252 es,

88 259 158 304 l'nus
167 257 207 318 qui
217 257 285 302 nobis
294 255 425 302 cunctando
435 253 537 304 restituis
545 260 606 308 tem,

89 324 213 371 Excudent
222 320 260 368 alii
272 320 382 380 spirantia
394 319 491 370 mollius
499 330 563 381 'aera,

87 391 165 437 Credo
174 387 293 450 equideme
312 385 378 434 vivos
387 389 475 438 ducent
482 391 511 437 de
523 403 640 438 marmore
649 390 740 451 uultuet

89 458 196 504 Orabunt
206 450 292 500 caussas
303 452 400 512 melius;
420 454 525 516 coelique
536 453 626 504 meatus

86 521 221 569 Describent
233 519 308 575 radio,
321 531 346 568 et
357 521 474 582 surgentia
484 522 555 570 sidera
567 524 658 572 dicent:

85 591 124 636 Tu
136 601 211 646 regere
220 586 320 647 imperio
330 587 439 650 populos,
451 592 569 648 Romane,
582 599 714 648 memento;

86 657 149 717 (Hae
157 653 204 702 tibi
216 665 286 702 erunt
295 658 369 716 artes)
382 657 489 718 pacisque
501 657 624 718 imponere
633 673 734 718 morem,

84 723 181 768 Parcere
192 720 308 784 subjeslis¹
321 732 345 772 et
353 722 468 771 debellare
477 725 595 784 superbos.

116 787 154 837 Sic
163 799 232 849 pater
241 789 367 848 Anchises,
379 800 451 851 atque
463 791 520 839 haec
532 791 674 840 mirantibus
685 791 768 842 addit:

83 855 180 916 Aspice,
193 867 221 905 ut
232 857 329 918 insignis
340 856 419 918 spoliis
427 857 553 906 Marcellus
563 859 650 920 opimis

84 923 228 983 ingreditur,
241 925 361 984 vietor-que
371 923 434 972 viros
445 925 600 986 supereminet
611 925 706 974 omnes!

82 991 131 1037 ilic
140 1007 190 1040 rem
200 995 345 1048 Romanam,
356 1005 443 1055 magno
454 995 566 1040 turbante
578 990 692 1050 tumultu,

84 1055 155 1106 nister
166 1073 250 1120 eques:
270 1057 354 1106 sternet
364 1060 464 1114 Poenos,
477 1057 622 1120 Gallumque
630 1057 751 1120 rebellem,

82 1123 214 1185 'remaque
223 1139 288 1171 anna
300 1123 362 1182 patri
374 1123 496 1182 suspendet
505 1134 574 1184 capta
586 1125 689 1188 Qiirino

85 1195 169 1253 Atque
181 1189 221 1237 hic
233 1195 339 1247 Aeneam
361 1191 420 1250 (una
430 1203 532 1248 namque
543 1190 576 1236 ire
584 1191 681 1238 videbat

84 1257 207 1316 Egregium
221 1259 298 1302 forma
306 1255 425 1316 juvenem,
438 1265 461 1302 et
472 1249 615 1314 mulgentibus
627 1257 709 1312 armis,

83 1325 128 1371 Sed
141 1325 205 1370 frons
215 1320 275 1369 laeta
286 1335 379 1382 parum,
391 1331 415 1370 et
426 1321 514 1386 dejecto
526 1319 617 1370 lumina
625 1319 719 1382 vultu:)

84 1390 153 1455 Qis,
166 1399 242 1452 pater,
255 1387 303 1446 ille,
314 1388 391 1436 virum
401 1387 443 1449 qui
455 1387 484 1436 sic
496 1389 624 1440 comitatur
634 1384 745 1436 euntem?

83 1457 165 1514 Filius,
178 1469 239 1504 anne
251 1455 335 1517 aliquis
346 1458 471 1520 magnade
483 1454 551 1516 stirpe
562 1453 691 1516 nepotum?

84 1525 145 1591 Quis
153 1523 261 1585 strepitus
270 1523 330 1572 circa
338 1523 452 1572 comitum
462 1522 468 1570 l
481 1520 679 1584 quantum'inliat
687 1522 712 1570 in
723 1521 776 1583 ipso
786 1524 835 1574 eli!

84 1595 131 1641 Sed
143 1607 192 1640 nox
203 1601 254 1640 atra
266 1601 337 1652 caput
346 1590 407 1640 tristi
416 1589 569 1638 circumvolat
580 1591 671 1637 umbra.

83 1661 150 1708 Tum
162 1668 230 1719 puter
242 1657 367 1714 Anchises,
377 1655 488 1718 lacrymis
498 1653 610 1716 ingressus
623 1655 724 1714 obortis3

24 1762 32 1782 .
85 1729 108 1775 0
121 1735 185 1783 nate,
198 1726 319 1784 ingentem
328 1722 417 1771 lustum
428 1741 457 1771 ne
466 1739 549 1786 quaere
558 1733 669 1772 tuorum:

85 1791 217 1840 Ostendent
228 1792 296 1839 terris
306 1790 370 1837 hunc
379 1799 474 1838 tantum
483 1791 542 1847 sata,
553 1805 630 1850 neque
638 1787 701 1839 ultra

84 1857 137 1908 Elle
150 1857 233 1906 sinent.
253 1857 360 1905 Nimium
372 1856 438 1903 vobis
451 1860 561 1903 Romana
571 1871 677 1917 propago

84 1927 138 1975 Visa
150 1935 243 1987 potens,
256 1925 346 1985 Superi,
356 1923 454 1984 ‚propriu
464 1921 546 1970 haecsr
558 1925 622 1971 dona
630 1919 734 1972 fuissent.

86 1995 197 2060 Qantos
206 1989 245 2039 ille
253 1989 330 2040 virlim
341 2005 452 2051 magnam
461 1990 578 2038 ntavortis
586 1991 616 2036 ad
625 1992 707 2037 urbem

86 2065 191 2121 Campus
198 2069 256 2120 ‘aget
266 2057 378 2120 gemitus!
397 2056 434 2104 vel
445 2073 515 2118 quae,
524 2057 645 2114 Tiberine,
657 2057 747 2104 videbis

87 2131 187 2184 Funera,
200 2131 254 2175 eum
267 2123 385 2174 tumulum
396 2122 565 2185 praeterlabere
576 2122 704 2172 recentem!
737 2149 746 2165 e

85 2197 137 2242 Nec
149 2207 206 2252 puer
215 2189 285 2240 Iliaca
296 2192 419 2254 quisquam
431 2193 460 2240 de
471 2200 540 2252 gente
549 2189 649 2238 Latinos

85 2261 113 2305 In
126 2266 221 2306 tantum
233 2259 273 2317 spe
281 2257 350 2306 tollet
360 2272 427 2306 avos:
448 2274 490 2304 nec
498 2255 602 2306 Romula
612 2257 737 2318 quondam

85 2322 143 2370 Ullo
155 2323 177 2370 se
185 2332 280 2370 tantum
290 2323 361 2371 tellus
369 2325 468 2386 jactabit
479 2321 585 2373 alumno.

84 2389 137 2434 Heu
151 2389 238 2445 pietas!
257 2389 302 2436 beu
314 2391 387 2449 prisca
400 2391 467 2438 fides!
487 2391 619 2451 invictaque
630 2387 695 2439 bello
724 2397 727 2404 “

83 2451 203 2498 Dextem!
222 2469 269 2500 non
279 2453 313 2501 illi
321 2456 445 2516 quisquam
458 2459 480 2505 se
492 2459 589 2518 impune
600 2453 689 2506 tulisset
704 2472 707 2478 '

79 2516 175 2561 'Obvius
186 2530 287 2575 arnrato,
299 2521 336 2568 sen
348 2523 402 2570 clun
412 2525 484 2582 pedes
492 2525 537 2584 iret
549 2525 572 2571 in
583 2521 684 2586 hostem,

83 2580 128 2622 Seu
138 2580 268 2637 spumantis
276 2587 331 2644 equi
340 2589 432 2636 sederet
443 2589 572 2639 calcaribus
580 2605 668 2640 armos.

82 2641 145 2700 Heu,
158 2643 363 2710 miserandepuer!
382 2653 457 2720 siqua
465 2657 517 2709 sata
525 2657 608 2720 aspen
614 2671 722 2720 tumme,
