1818 2914
7 36 8 39 ’
85 47 133 98 1⁶⁶
184 53 439 102 Aruernos
472 53 617 124 urnsv.
670 54 725 116 ιω.

81 149 154 198 Litus
167 167 231 210 ama,
244 161 268 202 et
280 151 356 208 laevas
368 151 466 209 stringat
472 149 520 197 sene
531 151 638 211 palmula
647 164 739 206 cantes:

82 213 173 264 Altum
184 217 225 266 alii
235 228 340 267 teneant.
358 217 442 264 Dixit:
462 215 502 262 scd
512 232 581 264 caeca
592 221 716 268 Menoetes

83 283 145 330 Saxa
156 285 253 342 timeus,
265 273 358 344 proraln
370 280 445 342 pelagi
458 283 583 344 detorquet
593 287 626 332 ad
636 288 719 334 undas.

83 349 139 415 Qo
152 351 253 398 diversus
263 347 329 396 abis?
348 349 443 406 iterum,
456 359 511 410 pete
522 350 586 408 saxa,
598 353 721 410 Metione,

82 418 143 464 Cum
156 414 256 466 clamore
268 419 333 474 Gyas
344 417 483 465 revocabat:
502 425 527 464 et
537 432 590 466 ecce
602 415 750 465 Cloanthum
785 438 794 449 *
820 434 825 440 ·

82 482 187 542 Respicit
199 479 323 542 instantem
336 491 411 542 tergo,
425 491 449 532 et
461 483 571 543 propiora
581 492 711 532 tenentem.
758 511 761 514 -

82 546 124 596 ille
135 548 196 596 iuter
206 559 339 608 navemque
351 553 418 610 Gyae
428 547 579 612 scopulosque
589 549 699 598 sonantes

82 614 155 662 Radit
164 614 211 678 iter
222 610 314 660 laevum
327 615 434 673 interior,
446 615 579 676 subitusque
591 613 693 678 priorem
753 639 756 644 ·

80 679 206 737 Praeterit3
227 689 252 728 et
264 681 334 730 metis
346 683 412 730 tenet
423 695 524 742 aequore
535 691 590 730 tuta
602 680 693 730 relislis.

79 746 144 794 Tum
156 761 211 794 vero
222 745 308 796 exarsit
317 749 398 809 juveni
407 746 475 798 dolor
485 747 571 796 ossibus
582 750 680 810 ingens:

80 813 130 860 Nec
143 809 254 875 lacrymis
265 814 358 862 camire
370 831 453 875 genae3
472 815 613 876 segnemque
625 819 765 875 Menoeten,
814 841 818 850 ·

80 876 176 928 Oblitus
187 881 366 942 decorisqucsui
377 881 513 942 sociumque
525 881 612 940 salutis,

80 947 108 993 ln
122 961 186 994 mare
198 949 351 1009 praecipitem
364 949 438 1010 puppi
450 949 561 996 deturbat
572 951 601 996 ab
613 947 669 996 alta,

78 1013 131 1076 lpse
144 1014 300 1074 gubernaculo
312 1019 386 1064 retlor
396 1015 467 1073 subit,
480 1015 528 1075 ipse
541 1015 659 1076 magister:

80 1083 246 1144 Hortaturquc
255 1083 327 1139 viros,
340 1080 480 1142 clavumque
491 1084 521 1129 ad
533 1081 602 1130 litora
612 1089 716 1142 torquet.

82 1150 120 1196 At
132 1149 208 1208 gravis
218 1158 245 1196 ut
257 1148 383 1194 sundorvix
392 1149 489 1194 tandem
503 1148 607 1196 redditus
620 1147 713 1195 imo'cst

80 1217 135 1278 jam
148 1214 230 1271 senior,
244 1213 384 1272 madidaque
394 1213 467 1259 iluens
479 1213 502 1258 in
514 1212 585 1271 veste,
598 1217 734 1270 Menoeten
753 1220 756 1224 ’

81 1284 178 1327 Summa
190 1279 251 1340 petit
263 1276 359 1338 scopuli,
371 1276 475 1338 siccaque
487 1278 512 1328 in
518 1293 582 1338 rupe
590 1281 682 1326 resedit.
725 1286 732 1290 ’

80 1343 150 1396 lllum
163 1355 187 1393 et
198 1343 317 1392 labentem
324 1343 419 1402 Teucri,
431 1353 455 1391 et
468 1341 537 1391 risire
547 1353 689 1402 natantemg

48 1409 50 1414 ’
80 1415 114 1462 Et
126 1411 193 1460 salsos
205 1412 282 1460 rident
296 1419 455 1459 revomentem
468 1413 561 1475 potiore
572 1412 662 1460 liutius.

79 1480 126 1529 llic
138 1477 199 1527 laeta
211 1479 325 1527 extremis
335 1478 385 1538 spes
397 1477 429 1526 eil
440 1478 534 1528 accensa
546 1479 645 1536 duobu‘s,

80 1545 184 1608 Sergesto
197 1545 379 1607 Mnestheoqm,
393 1549 464 1606 Gyan
476 1544 582 1607 superare
594 1554 736 1596 morantem.

44 1667 48 1674 ,
80 1612 197 1676 Sergestus
208 1613 271 1675 capit
284 1613 341 1662 anti
352 1611 439 1671 locum,
453 1609 594 1675 scopuloque
606 1612 765 1674 propinquate

80 1685 132 1730 Nec
143 1691 195 1730 tota
207 1691 289 1730 tumen
301 1679 340 1728 ille
351 1680 416 1742 prior
427 1689 554 1741 praeeunte
565 1685 657 1727 cerina:

81 1751 153 1798 Parte
163 1749 236 1809 prior,
249 1741 341 1807 partem
354 1747 427 1794 rostro
438 1745 525 1806 premit
537 1743 629 1794 aemula
642 1743 729 1792 Pristis.

80 1811 118 1870 ibt
132 1815 209 1872 medie
218 1814 293 1867 socios
304 1813 413 1860 incedens
425 1827 484 1858 nave
495 1827 537 1870 per
548 1810 608 1869 ipsos

80 1885 199 1930 Hortatur
208 1877 359 1926 Mnestheus:
379 1881 458 1933 Nunc,
472 1891 536 1922 nunc
547 1875 658 1936 insurgite
670 1875 749 1933 remis,

81 1944 189 1997 Hestorci
201 1943 265 2002 socii,
276 1943 363 2004 Trojae
375 1958 435 2003 quos
445 1942 507 1990 sorte
518 1943 625 2002 suprema

80 2013 164 2074 Delegi
176 2011 285 2068 comites3
305 2023 368 2057 nunc
379 2008 431 2058 illas
443 2009 557 2068 promitte
568 2009 637 2068 vires,

80 2083 152 2128 Nunc
164 2079 264 2135 animos,
277 2077 362 2138 quibus
374 2073 400 2125 in
412 2071 521 2123 Gaetulis
532 2076 638 2136 Syrtibus
649 2073 690 2132 usi,

81 2147 195 2208 senioque
207 2145 275 2204 niari,
290 2142 427 2204 Maleaeque
439 2141 574 2202 sequacibus
584 2142 659 2188 un‘dis.

81 2215 138 2259 Non
148 2213 198 2274 jam
211 2213 288 2271 primu
300 2220 357 2272 peto
365 2207 512 2266 Mnestheus,
524 2221 566 2256 ncc
577 2209 668 2254 virrcere
679 2214 757 2254 certo:

81 2278 227 2340 Qanquarn
236 2275 263 2325 b!
275 2277 314 2325 sed
321 2277 439 2338 superent,
446 2275 531 2336 quibus
541 2274 595 2332 hoc,
600 2276 721 2332 Neptune,
728 2272 821 2322 dedisti.

79 2345 207 2390 Extremos
219 2345 306 2404 pudeat
318 2339 415 2392 rediisse.
434 2346 487 2391 Hoc
499 2341 594 2398 vincite,
605 2339 674 2398 cives,

79 2408 112 2452 Et
125 2407 248 2466 prohibete
260 2412 332 2458 nefas.
353 2409 402 2458 Olli
412 2409 540 2459 certamine
550 2409 643 2456 summo

78 2471 254 2520 Procumbunt:
274 2475 344 2526 vastis
354 2473 437 2526 'tremit
449 2470 532 2524 iulius
543 2489 607 2522 aereo
619 2473 712 2534 puppis,

78 2536 275 2600 Subtrahiturque
288 2539 370 2588 solum.
390 2545 454 2590 Tum
467 2545 546 2590 creber
557 2539 674 2588 anhelitus
685 2549 758 2600 artus,

76 2599 200 2676 Asidaflue
211 2619 253 2651 ora
264 2607 352 2664 quatit:
374 2609 443 2664 sudor
454 2609 506 2655 siuit
517 2607 621 2667 undique
632 2607 694 2654 rivis.
757 2621 762 2634 ⁸

78 2661 172 2721 Attum
183 2667 231 2723 ¹1³st
242 2669 296 2726 viris
307 2681 419 2733 optatum
429 2674 496 2743 casus
504 2674 629 2724 bonorem.
