1818 2914
151 34 442 100 ‚AENE1mos
475 33 561 82 ΗΒ.
591 31 633 81 vl.
677 43 736 95 259.
781 40 829 93 191.
901 85 902 92 ,

83 133 230 186 Conclamat
240 141 314 190 vates,
326 137 427 206 totoque
436 125 538 205 absistite
548 123 618 176 luco:

82 203 173 263 Tuque
185 199 268 246 invade
278 199 352 254 riam,
364 210 495 256 vaginaque
507 207 570 254 eripe
582 195 685 252 sermm:

85 273 161 318 Nunc
171 266 256 314 animis
266 279 335 324 opus,
348 266 442 318 Aenea,
454 277 516 314 nuuc
528 263 622 321 pettore
634 259 711 308 firmo.

85 337 198 384 Tantum
210 330 279 380 effata
291 333 380 386 furens,
393 327 462 376 antro
475 327 496 374 se
507 325 605 375 immisit
617 335 709 388 aperto.

85 400 129 450 llle
141 402 225 448 ducem
235 397 299 444 haud
309 393 401 444 timidis
411 395 535 442 radentem
546 393 648 456 paffibus
657 391 752 454 aequat.
813 383 825 442 s
903 443 904 452 ,

120 456 830 528 Dl,quibusimperiumestanimarum,umbraequesilentes,
903 455 904 506 ζ

29 531 36 540 ’
84 535 121 584 Et
131 533 219 590 Chaos,
228 541 253 580 et
262 527 422 589 Phlegethon,
434 524 486 574 loca
498 529 565 575 notle
577 525 666 578 filentia
678 525 739 586 late;

86 601 128 654 sn
134 599 194 647 mihi
207 601 243 646 sas
254 597 335 644 audita
347 594 426 658 loqui:
447 591 475 642 srt
487 593 584 642 numine
596 593 670 642 vestro

86 665 196 715 Pandere
208 680 245 711 res
256 661 304 710 alta
315 673 376 710 terra
387 671 412 710 et
423 659 521 722 caligine
531 661 624 710 mersas.

84 735 161 782 Ibant
171 728 263 778 obscuri
274 725 321 776 sola
332 727 371 778 sub
383 729 451 776 nodie
463 745 504 790 per
515 730 634 787 umbram,
684 769 690 775 r

83 801 183 859 Perque
195 797 278 844 domos
288 794 354 844 Ditis
365 811 454 845 vacuas.
469 804 494 842 ct
505 794 585 856 inania
594 809 677 855 regna:
726 851 728 856 ¹
750 841 754 848 ,

85 861 167 978 Ἣαῑε
178 879 220 924 per
229 863 344 911 incertam
353 865 450 913 Lunam
461 860 501 909 sub
514 859 564 908 luce
576 859 684 922 mahgua'

85 934 109 980 E
142 931 187 978 iter
198 929 222 977 in
234 927 318 992 sylvis3
338 928 379 976 ubi
390 925 481 975 coelum
492 926 600 974 condidit
611 929 696 976 umbra

85 997 191 1063 Jupiter,
202 1005 227 1044 et
238 997 307 1043 rebus
319 1009 369 1042 nox
381 992 475 1042 abstulit
487 1003 539 1043 atra
550 991 660 1041 colorem.

123 1061 269 1111 Vestibulum
280 1071 336 1110 ante
348 1060 434 1120 ipsum,
448 1059 574 1122 primisque
586 1060 611 1108 in
623 1058 729 1122 faucibus
737 1059 802 1122 Orci,

87 1130 182 1179 Luctus
193 1138 217 1176 et
227 1127 322 1177 ultrices
331 1126 425 1188 posuere
435 1125 521 1174 'cubilia
531 1130 620 1184 Curaer

5 1219 7 1230 =
87 1193 255 1257 Pallentesque
265 1194 376 1242 habitant
385 1195 475 1252 Morbi,
488 1193 604 1255 tristisque
613 1195 732 1253 Senestru,

87 1265 125 1314 Et
136 1271 222 1320 metus,
235 1271 260 1310 et
271 1259 401 1310 malesuada
412 1263 505 1320 Fames,
517 1271 540 1310 et
553 1261 629 1322 turpis
638 1259 748 1326 Egestam

86 1326 217 1376 Terribiles
228 1328 278 1376 visu
289 1327 389 1376 formae!
408 1328 571 1390 Lethumque,
583 1331 725 1390 Laborque:

83 1395 153 1442 Tum
166 1393 351 1454 consanguineus
360 1393 433 1440 Lethi
445 1399 529 1454 Sopor,
541 1404 566 1442 et
578 1393 640 1442 mala
651 1395 739 1444 mentis
751 1439 753 1442 .

15 1471 23 1486 '
85 1459 196 1515 Gaudia,
209 1457 405 1516 mortiferumque
416 1459 510 1504 adverso
522 1459 546 1504 in
558 1456 640 1508 limine
649 1459 749 1518 Bellum,

84 1526 217 1584 Ferreique
226 1522 386 1570 Eumenidum
397 1519 507 1580 thalami,
519 1523 675 1574 etDiscordia
685 1527 790 1590 demens,
903 1527 904 1534 ’

5 1597 7 1656 s
83 1591 219 1652 vipereum
231 1587 322 1640 en'nem
332 1587 399 1635 vittis
411 1587 497 1636 innexa
508 1589 618 1638 cruentis.

124 1659 153 1704 ln
165 1655 247 1704 medio
254 1669 338 1712 ramos
345 1652 479 1716 annosaque
491 1654 585 1704 brachia
593 1657 678 1716 pandit

87 1723 178 1773 Ulmus
189 1737 274 1784 opaea,
286 1720 381 1782 iugens:
401 1737 474 1782 quam
487 1721 563 1771 sedem
573 1725 670 1776 Somnia
681 1723 752 1788 vulgo

86 1793 158 1838 Vana
168 1799 249 1840 tenere
260 1789 349 1848 ferunt,
361 1785 469 1852 foliisque
478 1787 518 1839 sub
530 1791 641 1840 omnibus
649 1791 756 1844 haerent.

88 1854 218 1918 Multaque
229 1865 348 1918 praeterea
359 1856 477 1916 variarum
488 1855 592 1916 monstra
601 1860 717 1920 serarum3

88 1923 205 1976 Centauri
217 1923 243 1972 in
253 1923 342 1972 foribus
354 1921 480 1983 stabulant,
493 1922 632 1987 Scyllaeque
644 1929 767 1989 biformes,
786 1965 793 1976 .

89 1991 126 2038 Et
136 1989 338 2050 centumgeminus
349 1991 461 2050 Briareus,
474 2007 501 2040 ac
513 1989 590 2040 bellua
598 1995 691 2040 Lernae

87 2056 244 2106 Horrendum
253 2053 358 2114 stridens,
371 2057 518 2118 flamrrnsque
529 2067 621 2108 armata
633 2058 771 2118 Chimaerae

88 2125 224 2182 Gorgones,
237 2122 411 2183 Harpyiaeque,
423 2136 448 2172 et
459 2125 537 2172 sorma
548 2123 685 2184 tricorporis
695 2125 800 2178 umbrae.
830 2141 833 2148 '

5 2181 7 2198 '
89 2187 199 2248 Corripit
210 2185 250 2238 hic
262 2189 338 2236 subita
349 2189 454 2250 trepidus
466 2189 593 2236 formidine
604 2191 693 2239 sermm

87 2259 196 2312 Aeneas,
209 2251 358 2315 strittamque
369 2255 442 2302 aciem
452 2255 600 2304 venientibus
610 2255 687 2308 offert.

88 2323 137 2377 Et,
150 2319 175 2366 ni
186 2321 253 2368 dotta
265 2336 343 2368 comes
355 2330 437 2370 tenues
448 2320 497 2382 srpe
508 2319 604 2382 corpore
615 2323 676 2374 ritas

5 2393 9 2400 '
88 2387 232 2452 Admoneat
241 2384 340 2449 volitare
350 2403 407 2434 cara
418 2387 459 2440 sub
471 2387 572 2449 imagine
584 2390 683 2452 formae,

87 2455 180 2510 irruat,
191 2462 216 2502 et
227 2451 384 2504 frustra'serro
393 2453 523 2502 diverberet
530 2457 633 2504 umbras.

125 2518 191 2566 Hine
201 2519 249 2574 via,
258 2519 366 2568 Tartarei
378 2536 438 2582 quae
449 2522 496 2570 sert
504 2520 651 2570 Acherontis
662 2523 693 2573 ad
703 2525 792 2576 undeet

86 2583 214 2634 Turbidus
225 2575 265 2632 hle
276 2601 358 2644 coeno,
373 2585 483 2649 vastaque
494 2587 604 2652 voragine
615 2605 698 2650 gurges

87 2648 206 2712 Aestuat,
217 2659 290 2714 atque
300 2667 398 2704 omnem
410 2655 501 2718 Cocyto
513 2655 603 2706 erutlat
613 2671 717 2712 arenam.
774 2692 777 2700 Δ
