1814 2910
10 65 11 72 ¹
83 63 131 116 130
190 53 637 108 AENE·1D05L18.111.
690 60 747 125 19δὲ

80 150 201 202 Involvere
210 154 272 202 diem
284 155 467 213 rimunetnox
477 155 576 204 humida
587 156 679 208 coelum
761 195 763 204 r
827 177 829 184 ·
853 165 866 187 ⁶

80 217 201 278 Abstulit;
221 221 368 280 ingeminant
378 223 484 281 abruptis
495 223 596 270 nubibus
608 225 682 284 ignes.

80 287 223 336 Excutimur
234 287 307 345 cursu,
320 297 344 336 et
355 288 428 335 caecis
439 305 543 336 erramus
553 290 577 336 in
589 291 668 338 undis.

80 352 130 414 lpse
142 353 205 401 diem
216 356 355 414 nossemque
364 364 436 414 negat
447 355 572 404 discernere
584 355 658 414 coelo,
685 345 689 366 ⁴

80 422 132 469 Nec
144 417 272 468 meminisse
284 421 333 468 viae
341 421 420 468 media
432 420 555 470 Palinurus
566 423 591 470 in
601 423 673 471 unda.

79 487 141 534 Tres
151 489 209 535 adeo
220 487 320 534 incertos
331 503 400 534 caeca
410 485 508 548 caligine
520 485 577 536 soles

79 555 192 601 Erramus
203 551 295 614 pelago,
307 554 409 602 totidem
417 553 546 610 stnesedere
557 557 643 604 nostes.

81 620 175 684 Qarto
185 627 247 667 terra
256 621 294 668 die
302 619 440 681 primum'se
449 618 556 668 attollere
568 623 665 670 tandem

79 685 142 744 Visa,
155 685 246 746 aperire
254 685 336 748 procul
348 696 451 744 montes,
463 703 489 734 ac
501 686 593 736 volvere
602 689 702 735 fumum.

78 749 136 800 Vela
146 754 243 811 cadunt,
256 753 325 801 remis
336 753 489 818 insurgimus:
509 753 573 801 haud
582 770 657 812 mora,
670 761 754 802 nautae

80 817 177 868 Adnixi
187 827 302 880 torquent
313 821 415 880 spumas,
427 819 554 868 et'cacrula
564 829 667 867 verrunt.

74 907 79 912 ·
111 887 235 938 Seruatum
247 903 276 933 ex
286 887 355 934 undis
364 886 524 946 Strophadum
537 901 575 931 me
584 885 653 932 litora
661 884 766 945 primum

78 950 219 1012 Accipiunt.
239 952 383 1014 Strophades
395 953 468 1000 Graio
480 950 542 1000 siant
554 951 650 998 nomine
661 952 735 998 <lisiae

78 1015 169 1064 Insulae
182 1018 249 1066 lonio
260 1017 285 1066 in
298 1035 397 1078 magno;
418 1035 476 1079 quas
488 1019 538 1066 dira
551 1017 661 1076 Celaeno,
702 1043 708 1050 -
755 1071 758 1074 ,

77 1082 245 1144 Harpyiaeque
256 1082 337 1132 colunt
349 1081 415 1130 aliae.
434 1085 536 1132 Phineia
547 1083 671 1146 postquem

74 1147 163 1197 Clausa
174 1150 267 1206 domus,
280 1149 415 1208 mensasque
426 1157 492 1196 metu
505 1147 594 1208 liquare
605 1150 701 1210 priores.

78 1213 178 1262 Tristius
188 1213 251 1262 baud
262 1212 308 1260 illis
319 1212 459 1270 monstrum,
473 1229 516 1260 uec
525 1213 613 1261 saevior
623 1213 672 1262 ulla

78 1278 152 1326 Pestis
161 1288 184 1326 et
194 1279 227 1324 ira
233 1275 313 1324 Delam
323 1278 410 1337 Stygiis
418 1278 463 1325 sese
474 1275 561 1325 extulit
569 1281 648 1326 undis.

77 1343 181 1408 Virginei
193 1341 313 1393 volucrum
323 1341 411 1402 vultus,
425 1340 554 1392 foedissima
565 1343 655 1391 ventris

77 1408 209 1468 Proluries,
220 1423 340 1470 uncaeque
351 1424 444 1470 manus,
457 1419 482 1458 et
492 1407 581 1470 pallida
591 1409 696 1470 semper.

80 1479 130 1525 Ora
138 1477 210 1524 fame.

78 1545 133 1592 Huc
144 1543 186 1590 ubi
196 1541 269 1592 delati
280 1552 362 1603 portus
373 1544 521 1602 intravimus,
532 1559 586 1592 ecce

77 1612 155 1658 Laeta
163 1612 239 1657 boum*
248 1608 331 1670 passim
343 1611 432 1672 campis
441 1621 549 1660 armenta
558 1611 673 1668 ridemus,

78 1677 287 1738 Caprigenumque
298 1693 375 1738 pecus,
386 1676 452 1724 nullo
460 1676 561 1734 custode,
572 1693 614 1736 per
623 1677 721 1724 herbosa

80 1744 193 1790 Inruimus
205 1745 276 1800 ferro,
288 1751 312 1790 et
323 1743 399 1789 Divos
411 1743 534 1802 ipsumque
545 1755 656 1788 vocamus

79 1809 107 1854 ln
119 1818 212 1868 partem
223 1809 382 1867 praedamque
391 1809 489 1867 Jovem:
504 1805 566 1852 'tunc
577 1804 650 1850 litore·
657 1819 728 1850 curvo

77 1873 262 1931 Extruimusque
272 1879 345 1928 toros,
358 1871 500 1930 dapibusque
508 1867 632 1928 epulamur
642 1868 736 1929 opimis.

78 1944 118 1988 At
129 1937 217 1987 subitae
227 1935 335 1983 horrifico
344 1935 409 1996 lapsu
417 1937 446 1982 de
458 1935 579 1982 montibus
590 1933 675 1982 adsunt

79 2006 207 2066 Harpyiae,
217 2012 241 2052 et
250 2001 343 2064 magnis
354 2003 467 2063 quatiunt
477 1999 624 2062 clangoribus
636 1999 693 2058 alas3

77 2073 250 2134 Diripiuntque
260 2071 340 2130 dapes,
353 2071 509 2128 contactuque
519 2067 601 2114 omnia
612 2068 709 2126 foedant

78 2140 221 2186 immundo:
241 2145 293 2184 tum
305 2151 353 2182 vox
364 2145 452 2183 tetrum
462 2135 512 2182 dira
524 2133 586 2182 inter
596 2135 700 2181 odorem.

70 2205 181 2256 ,Rursum
193 2204 218 2252 in
229 2199 312 2250 secessu
324 2200 394 2262 longo
406 2202 446 2249 sub
457 2217 514 2262 nipe
526 2209 622 2258 cavata„

77 2272 211 2318 Arboribus
222 2268 292 2318 clausi
303 2269 390 2316 circum
402 2279 473 2329 atque
485 2266 634 2315 horrentibus
644 2265 743 2324 umbris,

77 2333 216 2383 Instruimus
225 2334 324 2393 mensas,
337 2335 425 2395 arisque
436 2335 572 2394 reponimus
583 2333 668 2393 ignem.

77 2399 180 2444 Rursum
189 2417 220 2448 ex
232 2403 321 2450 diverso
333 2401 400 2460 coeli,
413 2402 529 2461 caecisque
541 2400 644 2456 latebris,

74 2461 158 2528 Turba
169 2464 253 2512 sonans
265 2470 376 2527 praedam
388 2467 485 2529 pedibus
495 2463 647 2515 circumvolat
658 2463 738 2512 urreisa

77 2523 166 2600 Polluit
178 2543 218 2574 ore
229 2532 307 2590 dapes.
328 2535 400 2582 Sociis
412 2531 478 2592 tunc,
491 2549 556 2581 arma
567 2521 682 2593 capellani

74 2591 159 2647 Edico,
171 2601 196 2638 et
207 2592 258 2642 dira
270 2597 357 2646 bellurn
371 2616 424 2648 cum
437 2609 507 2660 gente
519 2601 653 2660 gerendum.

114 2657 146 2704 ud
156 2655 219 2707 secus
230 2676 257 2708 ac
265 2663 318 2726 juill
330 2666 430 2726 faciunt,
443 2665 562 2732 renesque
570 2663 719 2728 perberbaur
732 2699 741 2740 ,¹
822 2717 828 2726 ¹
