1806 2912
79 149 144 197 Pone
153 147 261 208 sequens,
274 145 357 194 dextra
367 143 467 204 puppim
479 151 555 202 tenet,
568 142 663 204 ipsaque
674 142 742 192 dorso

75 215 186 271 Eminet,
197 229 225 260 ac
234 209 299 258 laeva
310 210 390 258 tacitis
402 209 544 270 subremigat
556 210 633 260 undis.

76 281 142 328 Tum
151 277 182 326 src
193 277 300 338 ignarum
309 275 451 336 alloquitur:
471 274 597 336 Vigilasne,
609 273 691 325 Desun
703 293 768 340 gens,

78 343 177 394 Aenea?
196 343 274 404 vigila,
287 353 311 391 et
323 341 381 390 velis
391 341 496 392 immitte
505 344 623 392 rudentes.

79 415 130 462 Nos
139 411 216 462 sumus
224 413 307 458 idaeae
318 410 382 458 sacro
389 411 418 457 de
427 409 513 457 vertice
523 409 601 470 pinus,

78 481 150 534 Nunc
162 475 237 538 pelagi
249 477 380 537 nymphae,
392 475 466 524 ciaffis
478 486 528 524 tua.
547 475 652 526 Perfidus
659 487 686 526 ut
698 493 741 526 nos

78 544 221 604 Praecipites
229 546 291 590 ferro
302 541 406 591 Rutulus
418 544 560 604 fiammaque
571 547 708 604 prenrehat;

79 610 197 671 Rupimus
207 610 296 658 invitae
304 620 346 658 tua
354 608 457 667 vincula,
469 619 540 670 teque
548 625 589 669 per
598 627 686 672 aequor
734 637 736 644 ·

79 678 228 742 Qaerimus.
247 680 316 724 Hanc
328 677 434 738 genetrix
445 677 529 724 faciem
541 675 649 725 miserata
661 677 751 738 refecit,

78 746 112 792 Et
123 744 191 792 dedit
199 740 322 801 esseDeas‚
334 759 464 803 aevumque
472 743 560 803 agitare
571 743 611 790 sub
621 745 698 794 undis.

77 813 187 869 Atpuer
194 809 310 856 Ascanius
318 826 385 858 muro
394 809 502 870 fossisque
513 819 609 858 tenetur

76 873 139 924 Tela
151 875 213 923 inter
225 875 302 922 media
313 886 384 937 atque
395 877 518 924 horrentes
530 877 609 925 Marte
618 877 727 926 Latinos.

77 945 132 1007 Jam
144 940 196 990 ioca
203 939 263 1004 jussa
273 952 355 991 tenent
367 943 424 990 sorti
433 941 555 1003 permistus
563 943 662 992 Etrusco

78 1012 156 1058 Arcas
167 1024 251 1070 eques:
272 1011 361 1064 medias
371 1007 418 1056 iliis
428 1026 547 1070 opponere
558 1019 658 1069 turmas,

6 1083 7 1140 ζ
78 1078 118 1124 Ne
129 1073 325 1138 castrisjungant‚
337 1084 401 1124 certa
410 1075 442 1123 esi
454 1077 568 1126 sententia
576 1079 669 1126 Turno.

6 1169 7 1172 =
79 1145 161 1202 Surge,
173 1159 223 1202 age,
235 1152 260 1190 et
268 1146 365 1192 Aurora
374 1143 447 1190 socios
456 1143 565 1194 veniente
573 1145 650 1193 vocari
693 1192 697 1201 ,

6 1209 8 1270 y
79 1208 175 1256 Primus
184 1208 208 1256 in
216 1225 282 1258 arum
290 1209 359 1273 jube;
378 1220 403 1258 et
414 1210 523 1274 clypeum
533 1228 599 1273 cape,
613 1228 683 1274 quem
696 1212 762 1264 dedit
772 1213 821 1278 ipst

78 1275 194 1323 luridum
207 1277 436 1340 Ignipotens‚.atque
448 1279 597 1328 orasambiit
608 1277 674 1329 auro.

79 1340 185 1390 Crastina
191 1340 243 1401 lux,
254 1343 331 1392 meast
342 1361 391 1392 non
403 1345 469 1394 inita
481 1345 542 1394 diua
554 1343 654 1407 putaris,

80 1409 191 1468 ingentes
199 1409 303 1456 Rutulae
314 1410 426 1468 spectabit
437 1413 513 1458 caedis
525 1428 626 1462 acervos.

78 1474 196 1530 Dixemta
215 1482 239 1520 et
251 1475 335 1522 dextra
344 1473 462 1526 discedens
470 1476 567 1535 impulit
576 1475 659 1537 altam,
776 1521 778 1526 .

78 1541 152 1588 Haud
160 1539 242 1599 ignara
254 1539 329 1606 modi,
341 1539 450 1604 puppim.
470 1537 590 1600 Fugit'iila
599 1561 641 1606 per
649 1547 725 1596 undas
757 1595 763 1610 ,

78 1606 152 1654 Ocior
162 1615 186 1654 et
195 1603 283 1668 jaculo,
296 1615 320 1654 et
331 1616 414 1654 ventos
425 1617 543 1668 aequante
550 1609 643 1669 sagitta.

77 1675 137 1722 inde
148 1669 207 1720 aliae
215 1670 318 1721 celerant
326 1671 410 1722 cursus.
429 1678 515 1734 Stupet
524 1675 610 1724 inscius
615 1677 666 1738 ipse

76 1739 142 1788 Tros
150 1737 317 1798 Anchifiade53
336 1739 429 1789 animos
441 1751 523 1789 tamen
533 1742 611 1790 omine
623 1741 697 1794 tollit.

76 1806 144 1855 Tum
156 1805 257 1854 breviter
265 1805 346 1867 supera
355 1808 475 1869 aspectans
485 1825 590 1858 convexa
600 1821 723 1872 precatur:

77 1870 155 1921 Alma
163 1889 248 1932 parens
257 1873 422 1934 fflaeaDeim,
433 1876 471 1923 cui
479 1877 604 1938 Dindyma
611 1880 686 1938 cordi,

76 1939 264 2000 Turrigeraeque
271 1944 348 1999 urbes,
361 1942 480 2003 biiugique
489 1945 519 2000 ad
529 1947 610 1994 fraena
619 1931 709 2005 icones3

76 2006 119 2054 Tu
131 2003 192 2050 mihi
201 2021 263 2053 nunc
275 2023 366 2066 pugnae
375 2009 493 2068 princeps,
506 2019 533 2056 tu
542 2011 587 2056 rite
594 2014 739 2075 propinques

77 2069 225 2131 Augurium,
239 2071 415 2132 Phrygibusque
422 2073 482 2121 adsis
490 2077 558 2134 pede,
568 2075 642 2133 Diva,
651 2077 760 2131 secundo.

110 2139 221 2188 Tantum
231 2135 327 2186 effatus:
347 2149 371 2186 et
383 2138 471 2188 interea
483 2139 589 2188 revoluta
598 2145 681 2193 ruebat

75 2207 176 2254 Matura
184 2203 234 2265 jam
243 2201 294 2252 luce
303 2205 361 2264 dies,
373 2207 515 2268 nossemque
523 2205 627 2268 fugitat.

77 2271 198 2330 Principio
207 2270 272 2320 sociis
281 2271 362 2330 edicit,
375 2271 438 2334 signa
446 2273 583 2335 sequantur,

77 2342 163 2398 Atque
174 2335 266 2386 animos
277 2348 361 2400 aptent
373 2340 454 2398 armis,
465 2357 604 2402 pugnaeque
613 2355 696 2404 parent
704 2347 734 2396 se.

75 2407 179 2468 Jamque
189 2405 213 2452 in
224 2405 347 2466 conspeetu
355 2406 459 2456 Teucros
468 2405 550 2465 habet,
563 2419 586 2456 et
595 2409 634 2459 sua
643 2412 725 2474 castra,
812 2443 814 2448 ·

76 2475 149 2518 Stans
158 2468 215 2517 celsa
224 2471 249 2518 in
257 2472 345 2534 puppi:
365 2472 474 2536 clypeum
483 2484 535 2524 tum
545 2476 629 2525 deinde
638 2478 727 2530 sinistra
809 2537 812 2542 ,

76 2533 174 2586 Extulit
183 2538 313 2588 ardentem
334 2537 468 2589 Clamorem
477 2544 507 2591 ad
519 2541 591 2590 sidera
603 2543 693 2596 tollunt

75 2603 229 2652 Dardanidae
240 2606 252 2650 d
264 2607 344 2656 muris.
364 2611 421 2668 Spes
433 2609 513 2658 addita
525 2609 619 2658 suscitat
630 2611 684 2661 iras.

77 2667 139 2719 Tela
148 2683 221 2718 manu
230 2671 335 2733 jaciunt:
355 2671 436 2738 quales
446 2675 488 2724 sub
497 2677 599 2725 nubibus
609 2677 667 2728 atris

176 40 431 92 AENEIDOS
465 39 551 85 ΗΒ.
582 37 717 112 Χκῑααό.
771 50 816 102 275
884 39 894 172 ἵ
