1818 2914
160 31 414 90 naiteinos
447 37 534 88 cca.
564 4 629 84 vu..
674 33 731 86 aaa.
778 47 825 96 ιη

82 131 268 198 Thie'iciamque
280 138 376 187 Samum
389 149 450 196 quae
461 148 526 182 nunc
538 129 701 180 Samothracia
712 133 795 182 fertur.
895 155 896 230 p

84 204 149 254 ilinc
160 201 227 252 illum
240 202 316 256 Copiti
326 200 452 262 Tyrrhena
463 202 493 248 ab
504 199 556 250 sede
567 200 711 260 profectum,

79 273 167 318 'Aurea
178 267 241 317 nune
252 266 309 316 solio
321 265 436 316 stellantis
447 267 509 328 regia
519 264 578 315 coeli
895 259 896 318 i

84 335 196 396 Accipit3
216 345 241 386 et
251 351 378 384 numerum
390 335 507 383 Diuorum
519 331 633 384 altaribus
644 340 722 394 auget.

77 436 80 442 ·
117 403 232 461 Dixerat3
251 411 276 452 et
286 403 350 450 diua
361 399 463 448 Ilioneus
474 400 503 466 sic
514 417 570 448 voce
581 399 689 448 senatus:

85 472 147 528 Res,
161 483 232 532 genus
242 469 361 530 egregium
372 468 455 526 Fauni,
468 483 511 516 nec
523 467 629 516 fluetibus
640 469 705 515 astos

84 539 148 586 Atra
159 535 248 598 litbegit
260 535 337 584 hiems
348 533 428 582 vestris
439 534 557 582 succedere
569 534 648 592 terris;

84 605 135 654 Nec
147 599 208 651 lidus
220 603 314 662 regione
325 602 385 660 viae,
397 600 479 650 litusve
491 598 584 650 fefellit.

84 668 189 720 Consilio
200 669 263 735 hanc
274 682 365 728 omnes,
377 667 508 729 animisque
517 665 651 715 volentibus
661 669 744 716 urbem

84 734 232 792 Alleriniur3
252 733 308 811 pulsi
321 736 407 795 regnis,
420 751 480 796 quae
491 734 596 782 maxima
608 735 730 795 quondam

85 805 204 850 Extremo
214 802 308 850 venicus
320 800 361 850 Sol
372 801 497 862 aspiciebat
509 799 638 862 Olympo.

85 869 129 916 Ab
137 871 196 932 Jove
207 867 349 930 principium
362 869 465 928 genesis.
485 871 544 931 Jove
552 868 666 915 Dardana
677 868 750 928 pubes

86 937 181 985 Gaudet
192 952 246 983 avo.
266 939 330 994 Rex,
344 935 391 995 ipse
402 935 468 998 Jovis
479 937 508 982 dc
519 943 589 994 gente
600 933 716 994 suprema,

84 1001 174 1050 Troius
185 1005 283 1050 Aeneas
292 1014 335 1051 tua
347 1016 391 1050 nos
402 1003 432 1049 ad
443 999 526 1049 limina
538 997 587 1047 inis
590 1009 609 1048 t

86 1069 184 1132 Qante
196 1085 237 1128 per
247 1071 329 1120 idaeos
340 1067 412 1117 saevis
423 1066 492 1116 effusa
505 1066 614 1128 Mycenis

82 1133 240 1197 Tempestas'
233 1136 287 1184 ierit
298 1151 406 1196 campos3
424 1135 509 1196 quibus
520 1136 583 1182 aecus
593 1143 693 1194 uterque

49 1249 54 1256 ,
84 1201 196 1262 Eusopae
206 1211 278 1264 atquc
289 1201 360 1250 Asiae
372 1202 428 1252 satis
439 1201 582 1250 concurrerit
593 1201 671 1260 orbis,

84 1268 181 1326 Audiit,
193 1277 217 1318 et
229 1267 246 1316 fi
259 1283 330 1331 quem
342 1267 412 1318 tellus
422 1278 529 1318 extrema
541 1267 616 1316 refuso

85 1329 224 1383 summovet
237 1339 341 1394 Oceano,
351 1344 376 1384 et
387 1335 403 1382 si
416 1351 487 1396 quem
498 1344 597 1383 extenta
607 1333 731 1414 plagarum

85 1399 214 1464 Qatuor'
208 1415 234 1446 in
243 1403 321 1446 medio
333 1401 424 1448 dirimit
436 1401 506 1460 plaga
517 1399 587 1448 solis'
582 1401 665 1460 iniqui.
784 1413 788 1418 ·

82 1460 185 1518 Diluvio
197 1463 279 1510 exilio
290 1473 329 1510 tot
340 1456 403 1510 vasta
412 1481 452 1541 per
463 1481 565 1524 aequora
575 1465 644 1523 vetii,

82 1528 134 1581 Dis
144 1529 223 1578 sedem
234 1529 344 1588 exiguam
356 1530 448 1588 patriis,
461 1528 561 1590 litusque
571 1545 680 1588 rogamus

85 1599 229 1653 leucocoum,
242 1604 266 1644 et
276 1595 365 1644 cunsbs
374 1597 509 1656 undamque
518 1611 645 1656 auramque
654 1605 784 1658 patentem.

83 1667 143 1714 Non
152 1663 240 1711 eximus
250 1677 323 1723 regno
334 1661 464 1721 indecores3
485 1677 527 1710 nec
535 1661 613 1718 velita
621 1666 709 1713 feretur

84 1731 159 1786 fama
171 1727 237 1788 levis,
251 1729 360 1792 tantique
371 1727 486 1779 abolescet
497 1730 572 1792 gratia
584 1731 654 1778 faut:
746 1723 755 1733 '

84 1799 137 1846 Nec
147 1796 247 1862 Troiam
259 1795 379 1846 Ausonios
390 1797 478 1858 gremio
490 1795 603 1862 excepisse
614 1797 712 1859 pigebit.

85 1865 146 1912 Fata
156 1879 198 1924 per
210 1863 324 1912 Aeneae'
314 1879 377 1926 juro,
390 1866 447 1914 dext
437 1871 547 1926 bamque
558 1871 692 1926 potentem,

84 1931 139 1978 Sive
152 1928 205 1988 fide,
218 1930 256 1977 scu
268 1931 319 1992 quis
331 1927 392 1978 bello
403 1930 436 1979 esi
447 1939 559 1992 expertus
570 1943 594 1980 ct
606 1936 690 1990 armis;

83 1993 161 2044 Multi
172 2013 216 2044 nos
227 1995 317 2058 populi,
330 1994 474 2062 multae-(ne
485 2008 575 2056 temne,
589 2000 653 2058 quod
664 1997 728 2046 ultro

83 2063 242 2111 praeferimus
251 2063 360 2111 manibus
369 2063 450 2122 vittas,
463 2079 491 2111 ac
503 2066 572 2110 verba
584 2063 718 2124 precantia)

82 2133 117 2178 Et
129 2129 218 2190 petisne
229 2128 280 2187 fibi,
292 2137 316 2177 et
328 2126 421 2177 solusne
434 2130 558 2190 adjungere
570 2135 660 2188 gentes.

81 2198 129 2245 Sed
141 2212 185 2244 nos
197 2199 245 2245 sat'a
256 2193 338 2244 Delm
352 2193 436 2243 vestras
448 2195 570 2256 exquirere
580 2202 655 2242 terras

81 2262 191 2323 Imperiis
201 2262 267 2324 eglrc
279 2262 331 2310 suis.
350 2261 414 2310 Hinc
424 2263 551 2310 Dardanus
562 2269 636 2318 ortus,

78 2332 136 2378 Huc
143 2330 241 2390 ,repetit
252 2327 361 2391 iussisque
373 2327 509 2393 ingentibus·
518 2335 585 2387 urget
595 2326 687 2388 Apollo
809 2374 812 2380 ‚

78 2395 232 2458 Tyrrhenum
245 2397 275 2443 ad
283 2395 394 2457 Tybrirn‚
407 2403 431 2442 et
443 2395 517 2442 sontis
527 2395 586 2441 vada
596 2395 660 2442 sacra
670 2396 775 2446 Numici.

78 2465 132 2510 Dat
145 2462 189 2516 tibi
201 2472 319 2522 praeterea
331 2463 440 2510 sonunae
451 2476 523 2522 parva
535 2460 618 2522 prioris
895 2457 896 2466 ’

77 2532 195 2584 Munera3
216 2525 333 2590 relliquias
344 2528 417 2591 Troja
429 2545 459 2576 ex
470 2529 568 2576 ardente
580 2536 693 2588 receptas.

77 2598 133 2643 Hoc
145 2603 213 2656 pater
225 2595 339 2642 Anchises
349 2611 406 2642 auro
417 2593 507 2644 libabat
518 2597 549 2642 ad
560 2609 626 2641 aras:

76 2664 136 2710 Hoc*
144 2660 232 2710 Priami
244 2659 361 2724 gestamen
372 2671 431 2723 erat,
445 2664 500 2712 ciam
509 2659 665 2724 juva-vocatis
