1806 2912
69 33 120 102 32¹6
171 37 425 92 nanninus
458 43 542 90 nra.
576 46 632 92 xn.
677 57 734 106 ³72·

69 137 165 203 Objeeit
176 139 219 188 sese
232 143 263 190 ad
274 158 376 200 currum,
388 151 412 193 et
423 127 556 202 spumantia
568 145 655 192 fraenis

69 211 119 256 Ora
129 207 257 256 citatorum
267 211 352 256 dextra
362 205 457 262 detorfit
468 225 592 272 equorum.

67 273 135 323 Dum
147 273 260 333 trahitur,
272 275 404 335 pendetque
412 273 483 334 jugis,
496 274 560 332 hunc
572 275 620 326 lara
631 279 745 328 retesiunr

68 345 165 390 Lancea
176 341 332 402 consequitur,
344 341 481 401 rumpitque
492 341 566 390 infixa
576 342 668 392 bilicem

69 408 191 465 Loricam,
203 418 227 456 et
238 407 353 456 summum
365 407 472 467 degustat
483 405 578 458 vulnere
589 425 681 471 corpus.

69 473 112 523 lile
124 471 306 535 tamcn‚,elypeo
314 472 414 534 objecto,
427 475 582 525 conversusin
593 477 684 526 hostem
767 514 768 520 ,

70 544 133 601 Ibat,
145 552 169 591 et
181 537 375 592 auaitum-dudo
387 557 498 588 mucrone
509 545 618 602 petebat3

67 613 130 658 Cum
142 617 192 658 rota
204 605 365 668 praecipitem,
379 617 403 656 et
415 608 523 668 procursu
535 609 643 661 concitus
653 613 705 662 axis

70 675 178 740 Impulit,
190 671 319 736 effuditque
330 673 393 722 solo:
413 676 553 738 Turnusque
564 677 665 739 secutus,

68 745 145 792 lmam
157 742 219 788 inter
230 738 330 801 galeam,
343 741 429 790 summi
439 743 543 799 thoracis
553 755 577 795 et
589 763 651 804 oras,

67 807 174 858 Abstulit
185 808 238 856 ense
249 819 330 872 caput,
343 819 501 872 truncumque
512 810 697 874 reliquitarena.

101 879 186 936 Atque
195 891 222 922 ea
233 876 290 924 dum
302 877 393 938 caurpis
402 877 475 926 vitiet
487 879 529 928 dat
538 883 620 928 funera
627 882 733 940 Turnus,
768 909 772 920 ·

68 945 160 992 interea
171 945 274 991 Aenean
285 943 431 1003 Mnestheus,
443 954 467 994 et
479 944 538 994 fidus
547 947 663 1010 Achates,

44 1033 48 1038 ¹·
68 1009 231 1072 Ascaniusque
243 1026 322 1059 comes
333 1009 411 1060 eastris
423 1011 523 1062 statuite
534 1024 667 1073 ementem,
703 1045 706 1053 ι

68 1075 186 1126 Alternus
197 1076 268 1140 longa
280 1077 397 1144 nitentem
408 1069 501 1140 cuspide
512 1077 605 1140 gressus.
672 1099 674 1115 ¹

69 1143 158 1203 Saevit,
171 1154 197 1194 et
207 1145 308 1193 inflatia
318 1143 420 1194 lutiatur
430 1146 544 1196 anurdine
555 1144 629 1197 telum
767 1171 770 1193 ι

69 1210 177 1272 Eripere,
190 1210 323 1272 auxilioque
335 1212 407 1268 viam,
420 1227 480 1270 quae
509 1213 610 1270 mxima,
623 1213 712 1272 poscit:

69 1278 132 1327 Ense
143 1277 219 1326 secent
232 1275 281 1326 lato
291 1275 383 1334 vuinus,
395 1275 483 1336 telique
491 1229 608 1324 iatebram

70 1344 216 1394 Rescindant
227 1343 330 1404 penitus,
343 1341 433 1404 seseque
444 1341 470 1390 iu
478 1341 540 1390 belh
551 1345 684 1392 remittant.

70 1413 173 1476 Jamque
185 1411 266 1458 aderat
278 1409 374 1458 Phoebo
385 1418 442 1470 aute
453 1406 512 1466 ahos
523 1408 620 1460 dilesius
629 1414 705 1472 Iapyx

70 1477 170 1527 Iasides:
188 1477 236 1526 acri
248 1477 369 1538 quondam
382 1476 419 1524 cui
428 1486 511 1538 eaptus
520 1493 602 1537 amore
616 1505 620 1510 -

71 1545 124 1608 Ipse
136 1545 188 1594 suas
198 1554 269 1602 artes,
282 1541 321 1590 sua
332 1559 430 1593 munera
441 1541 516 1598 laetus
525 1533 616 1605 Apollo

70 1612 217 1675 Augurium,
229 1610 391 1676 citharamque
401 1611 482 1670 dabat,
494 1609 621 1674 celeresque
632 1611 736 1673 sagittat.

70 1679 124 1740 llle,
136 1689 164 1729 ut
176 1675 275 1739 depofiti
286 1675 403 1739 proferret
414 1680 464 1728 sata
475 1677 589 1740 parentis,
624 1713 627 1720 =

71 1748 136 1798 Scire
146 1743 274 1808 potestates
283 1743 418 1803 herbarum,
430 1745 543 1810 usumque
555 1745 664 1796 medendi

72 1812 171 1876 Maluit,
184 1821 210 1862 et
221 1822 301 1861 mutas
311 1812 399 1874 agitare
410 1811 527 1872 inglorius·
533 1823 602 1862 artes.

73 1884 168 1940 Stabat,
181 1881 263 1928 acerba
274 1881 386 1937 fremens,
398 1879 518 1940 ingentem
530 1880 600 1928 nixus
608 1879 636 1926 -in
648 1877 740 1941 hastam

74 1952 179 2005 Aeneas,
190 1961 278 2007 magno
286 1944 410 2007 juvenum,
423 1954 447 1992 et
459 1946 585 1994 moerentis
595 1944 642 1994 tuli

75 2012 204 2072 concursu,
217 2011 327 2076 lacrymis
338 2009 476 2062 immobilis.
495 2009 638 2062 Illeretorto

75 2081 206 2134 Paeonium
218 2079 243 2128 in
254 2094 346 2128 morem
354 2079 429 2128 senior
440 2079 567 2138 succindius
577 2079 674 2138 aurisia,

76 2147 158 2199 Multa
167 2163 240 2196 manu
251 2147 351 2205 medica,
365 2146 501 2210 Rhoebique
511 2146 648 2207 potentibus
658 2145 737 2195 herbis
796 2202 799 2206 ,

76 2215 245 2278 Nequicquam
258 2213 369 2276 trepidat,
382 2213 539 2274 nequicquam
548 2209 636 2272 spicula
647 2213 732 2268 dextra

77 2279 206 2340 Sollicitat,
217 2280 359 2342 prensatque
369 2279 447 2328 tenaci
458 2278 546 2340 sorcipe
556 2281 652 2326 serrum.

76 2344 152 2395 Nulla
163 2349 228 2396 viam
239 2350 336 2396 fortuna
347 2345 419 2408 regit3
432 2343 493 2394 nihil
504 2346 584 2392 auster
590 2342 683 2405 Apollo

78 2415 208 2462 Subvenite
227 2425 251 2463 et
263 2414 342 2462 saevus
350 2412 441 2474 campis
452 2413 526 2474 magis
537 2427 564 2460 ac
575 2411 648 2471 magis
660 2411 744 2460 horror

77 2479 218 2538 Crebrescit,
228 2479 371 2540 propiusque
382 2477 472 2528 maium
484 2478 524 2528 esi.
541 2481 595 2544 Jam
607 2475 702 2538 pulvere
714 2477 804 2540 coelum

78 2545 145 2590 Stare
156 2545 253 2594 vident:
271 2545 371 2596 subeunt
382 2547 483 2606 equites,
497 2541 619 2608 euspicila
630 2543 709 2596 castris

77 2607 158 2654 Densa
169 2612 258 2659 cadunt
268 2611 359 2660 mediis.
380 2615 400 2660 it
410 2611 482 2660 tristis
493 2615 524 2662 ad
534 2611 629 2662 aethera
639 2609 729 2661 clamor

112 2669 213 2722 ¹santum
222 2675 347 2749 jurenum,
359 2687 383 2728 et
394 2679 504 2730 durosub
514 2669 594 2732 Marte
605 2681 742 2744 cadentum«
