1804 2904
107 17 134 64 5«
251 6 426 53 GEORG.
460 6 546 54 ΜΒ.
570 9 619 62 111.
672 2 728 58 nu.

105 101 253 173 invalidique
264 95 360 165 patrum
372 104 492 153 referant
483 105 572 167 jejunia
583 107 644 156 nati.

105 162 157 230 Ipsa
168 181 249 220 auteur
261 173 334 220 macie
346 181 443 220 tenuant
455 181 564 221 armenta
572 171 695 236 volentes:

104 240 200 298 Atque,
212 239 252 286 ubi
264 239 401 286 concubitus
412 238 502 298 primos
510 238 561 300 jain
573 249 632 288 nota
643 239 753 301 voluptas

104 301 231 364 Sollicitat,
244 304 381 364 frondesque
393 313 491 365 negant,
504 315 527 353 ct
540 307 647 355 sontibus
659 318 754 356 arcent.

104 372 178 432 Saepe
189 372 261 420 etiarn
272 370 337 418 cursu
349 371 471 430 quatiunt,
483 380 508 419 et
520 371 573 420 Sole
584 370 696 434 fatigant,
731 382 739 399 ‘⁸
805 371 807 374 ’

104 439 168 485 Cirm
180 439 279 498 graviter
289 434 363 494 tunsus
375 438 449 498 gemit
460 455 513 486 area
525 439 638 500 frugibus,
651 449 674 489 et
686 443 743 495 crim
807 494 809 496 ,

7 497 12 563 ¹⁴
103 507 241 564 Surgentem
253 505 284 551 ad
294 503 428 565 Zephyrum
438 503 519 566 paleae
527 505 647 566 jactantur
656 507 747 555 inanes.
899 499 900 509 ¹

3 565 12 598 ⁴*
101 573 155 618 Hoc
167 569 266 627 faciunt,
281 571 358 619 nimio
368 588 398 618 ne
410 571 466 619 luxu
478 570 582 620 obtusior
593 570 645 620 usus

93 637 138 698 ¹Sit
149 633 246 694 genitali
257 653 323 696 arvo,
335 647 360 686 et
370 637 444 687 sulcos
456 635 554 686 oblimet
566 639 668 698 inertee3

5 692 12 766 ‘J
101 705 145 751 Sed
157 703 233 761 rapiat
245 683 455 763 srticnsVenerem,
468 704 610 767 interiusque
621 708 742 756 recondat.
770 712 772 714 ’

8 805 12 835 ἦ
134 769 223 816 Rursus
234 782 290 819 cura
301 781 395 832 patrum
407 772 497 830 cadere,
510 780 534 818 et
545 771 663 821 succedere
671 783 778 823 matrum

3 837 4 846 ¹
66 840 80 861 ³
99 835 147 883 lnc
142 836 199 894 rpit;
219 838 306 886 enatbs
317 838 424 899 gravidae
435 853 490 884 curn
502 835 617 884 mensibus
628 848 720 886 errant

0 902 9 979 j
97 904 155 949 Non
167 901 219 950 illas
231 906 338 964 gravibus
350 904 492 967 quisquam
484 920 539 966 juga
550 905 631 952 ducere
646 902 760 966 plaustris,

99 970 157 1016 Non
169 967 230 1019 saltu
241 971 380 1032 superare
358 987 421 1020 aram
434 970 461 1019 sit
474 969 558 1032 pallus,
571 981 596 1021 et
606 971 654 1020 acri

2 1053 9 1089 ι
98 1037 199 1099 Carpere
209 1048 277 1097 prata
290 1041 353 1116 fuga,
366 1038 511 1096 fluviosque
505 1053 586 1084 innare
597 1053 716 1098 rapaces.

1 1127 8 1157 ,;
95 1089 146 1149 Sal
138 1103 214 1151 tibus'
208 1120 234 1150 ιιι
244 1107 320 1152 vacuis
329 1101 434 1163 pascant,
446 1110 470 1149 et
480 1101 551 1162 plena
559 1103 685 1152 secundum

2 1195 8 1217 ,s
96 1171 115 1215 1
117 1167 219 1226 lumina
239 1169 330 1216 muscus
340 1169 390 1226 ubi,
402 1177 427 1216 et
438 1168 573 1216 viridislima
584 1172 689 1229 gramine
700 1171 759 1231 ripa,

2 1227 13 1253 ⁶
97 1233 271 1295 speluncaeque
281 1244 374 1295 tegant
386 1234 488 1283 etsaxea
498 1237 611 1293 procubet
623 1238 715 1283 umbra

96 1299 147 1358 Eli,
159 1299 223 1348 lucos
233 1299 332 1348 Silari
312 1317 381 1360 crrca,
393 1299 528 1360 ilicibusque
539 1301 655 1347 virentem

97 1336 216 1414 Plurimus
223 1365 372 1426 Alburnum,
383 1365 495 1425 volitans,
507 1367 544 1432 cui
553 1382 641 1415 nomen
652 1365 716 1428 asylo
760 1388 762 1391 ’

97 1436 236 1498 Romanurn
248 1433 289 1494 est,
297 1432 392 1482 'oestron
402 1433 469 1482 Graii
480 1442 569 1483 vertere
579 1443 704 1491 vocantem

96 1499 184 1560 Asper,
195 1503 278 1550 'acerba
289 1502 387 1550 sonaust
406 1517 457 1563 quo
465 1510 519 1550 tota
529 1501 642 1549 exterrita
652 1499 718 1549 siliis.

96 1566 233 1628 Diffugiunt
243 1578 364 1628 armenta;
383 1569 441 1618 furit
452 1568 581 1647 mugitibus
592 1568 672 1616 aether
685 1571 688 1576 '

95 1632 233 1694 concussus,
246 1635 361 1698 silvaeque
372 1646 397 1685 et
407 1635 487 1683 sicci
470 1653 521 1696 npa
530 1635 642 1694 Tanagri.
721 1626 726 1638 ’

95 1704 150 1762 Hoc
160 1704 283 1769 quondam
295 1701 401 1748 monstro
409 1700 533 1748 horribiles
543 1700 646 1746 exercuit
658 1699 704 1746 iras

1 1790 4 1796 ·
96 1766 204 1814 Inachiae
208 1758 276 1829 J-uno
287 1765 375 1826 pellem
386 1765 517 1811 creditore
509 1779 629 1824 juvencae.

93 1835 166 1883 Hune
177 1847 281 1892 quoque,
295 1833 363 1894 (nam
375 1828 458 1879 mediis
469 1829 598 1877 fervoribus
608 1829 683 1880 acrior
693 1827 790 1895 instat.)

94 1897 195 1947 Arcebis
206 1898 301 1959 gravido
312 1896 402 1958 pecori3
421 1905 576 1956 armentaque
588 1895 665 1957 pasces

94 1963 148 2014 Sole
159 1980 238 2014 recens
249 1975 312 2024 orto,
322 1973 363 2012 aut
374 1965 466 2012 nollens
478 1963 618 2011 ducentibus
628 1963 701 2012 astris.

128 2033 184 2081 Post
194 2043 291 2094 partum
302 2047 356 2081 cura
367 2031 392 2079 in
403 2029 490 2079 vitulos
499 2030 737 2090 transcurremus,

93 2100 264 2162 Continuoque
274 2110 352 2157 notas,
365 2104 389 2147 et
401 2098 502 2146 nomina
511 2097 587 2158 gentis
597 2096 708 2146 inurunt:

93 2171 126 2216 Et
139 2184 199 2228 quos
207 2177 248 2216 aut
260 2166 338 2228 pecori
350 2163 436 2212 malint
446 2164 585 2212 submittere
593 2162 711 2222 habendo,

94 2239 149 2282 Aut
160 2235 206 2282 aris
215 2233 302 2282 serrare
313 2232 396 2290 sacros,
409 2239 451 2280 aut
461 2231 563 2278 scindere
571 2239 668 2287 terram,

94 2303 127 2349 Et
139 2316 249 2361 campum
262 2300 398 2348 horrentem
410 2298 489 2346 fucris
500 2298 615 2346 invertere
626 2294 705 2357 glebis.

94 2370 195 2415 Caetera¹
203 2366 330 2426 pascuntur
338 2365 422 2414 virides
432 2372 541 2412 armenta
551 2379 593 2426 per
603 2363 696 2412 herbas.

92 2433 133 2479 Tu
144 2449 204 2493 quos
214 2433 245 2480 ad
255 2431 356 2482 studium
367 2442 440 2493 atque
450 2431 516 2479 usum
528 2431 640 2479 formabis
648 2429 772 2491 agrestem,

93 2499 147 2559 Jam
156 2497 243 2548 vitulos
254 2499 358 2555 hortare,
371 2500 482 2558 viamque
493 2496 569 2548 iufille
581 2498 702 2555 domandi,

93 2563 158 2610 Dum
173 2564 251 2613 faciles
261 2566 335 2613 animi
343 2565 466 2626 juvenum,
479 2566 538 2611 dum
550 2562 731 2615 mobilieaetas..

95 2631 133 2676 Ac
144 2633 249 2689 primum
260 2631 327 2681 laxos
337 2633 404 2681 tenui
415 2634 444 2681 de
452 2630 542 2682 vimine
552 2629 637 2681 ciclos
