1818 2914
70 199 235 270 Regumintet
245 185 390 240 salsavateni
402 173 532 228 formidine
540 167 611 219 rudit
692 167 694 172 '

73 282 136 328 Cura
144 267 199 324 tibi,
208 255 301 310 Divina
309 249 393 310 effigies
404 255 428 294 ct
436 239 528 308 templa
535 235 612 286 tuerit

32 371 34 378 v
72 344 136 394 bella
146 333 190 383 viri
200 309 506 391 pacemquegemnt‚·queis
514 307 577 366 heila
585 299 693 365 gerenda.

104 397 204 456 Talibus
214 393 303 442 Alecto
310 383 381 436 dictis
388 377 474 430 exatsrt
482 377 507 424 in
517 375 571 422 iras.
590 399 599 413 ι

76 481 115 528 At
123 464 203 536 juveni
211 455 291 510 oranti
303 451 393 502 subitus
401 459 491 496 tremor
499 445 599 500 occupat
608 443 686 490 artu53

74 534 198 600 Diriguirc
206 525 283 578 oculi:
296 530 342 570 ‚tot
350 515 455 574 Erinnys
463 506 540 560 stbilat
547 503 637 568 hydris,
818 543 821 550 ³

76 613 201 666 Tantaque
210 597 233 646 se
242 591 313 644 facies
324 583 416 646 aperit:
435 587 488 626 tum
497 575 606 622 flammea
615 578 730 628 torquens
755 615 758 618 ,
825 600 828 606 ,

77 673 193 727 Lumina,
201 650 552 713 cunctantemetquaercntem
560 639 635 688 dicere
644 638 712 696 plura
830 619 832 626 ‘

78 736 205 803 Reppui'rt,
211 738 238 776 et
245 723 350 786 geminos
358 715 434 766 erexit
443 709 546 759 crinibus
555 719 650 767 angues,

78 799 230 860 Verberaque
238 788 350 845 insonuit,
360 782 490 840 rabidoque
499 776 556 823 hacc
565 769 655 820 addidit
664 779 720 814 orec

82 877 123 926 En
132 885 175 931 ego
183 866 246 913 victe
257 855 311 914 suu,
321 866 394 914 quam
404 845 452 894 veri
461 841 545 892 effoeta
557 839 661 886 senectus

82 945 161 992 Arma
170 935 232 982 inter
241 937 323 988 regum
332 917 390 968 salsa
398 911 525 962 tormidine
535 907 610 960 ludit3
688 919 689 924 ¹

84 1003 184 1068 Respice
194 990 301 1048 adhaec!
319 985 401 1035 aristam
411 980 515 1028 dirarum
525 975 554 1022 ab
565 972 616 1020 sede
625 967 744 1020 sororum3

81 1075 149 1126 Belia
157 1081 238 1121 manu,
249 1057 391 1113 lethumque
400 1062 462 1108 gero.

86 1139 126 1191 Sic
135 1133 214 1191 effata,
226 1133 301 1178 satem
309 1116 390 1184 juveni
399 1111 508 1176 conjecit,
521 1117 545 1158 et
554 1114 608 1156 atro

84 1201 193 1258 Lumine
202 1200 321 1246 fumantes
329 1184 382 1236 fixit
390 1182 431 1229 sub
441 1187 535 1242 pectore
544 1174 633 1224 taedas.

83 1271 136 1324 oni
147 1267 255 1318 somnum
263 1261 346 1318 ingens
353 1250 418 1312 rupit
424 1261 513 1310 ¹paron
532 1237 628 1302 ossaque
635 1245 660 1286 et
668 1237 747 1296 artua·

86 1333 196 1390 Perfudit
203 1339 257 1382 toto
266 1329 394 1388 proruptus
401 1327 497 1376 corpore
508 1309 585 1358 sudor.

82 1409 163 1456 Arma
172 1411 254 1448 amens
264 1389 358 1443 sumita
378 1399 444 1432 arma
452 1389 506 1430 toro
516 1374 631 1435 tectisque
639 1365 747 1432 requirit.

86 1467 170 1522 Saevit
179 1477 246 1512 amor
256 1455 320 1510 serti,
331 1461 357 1498 et
365 1446 475 1494 scelerata
485 1440 576 1496 insania
584 1436 653 1494 beili,

83 1542 127 1588 lra
139 1532 215 1591 super.
234 1525 327 1578 Magno
337 1512 414 1560 vetuti
422 1511 476 1558 eiam
490 1508 586 1552 flamme
597 1503 678 1548 sonore

83 1602 175 1660 Virgea
185 1585 314 1652 suggeritur
324 1571 515 1628 costirundantis
524 1567 604 1630 aheni,
753 1562 756 1568 '

90 1665 274 1720 Exsultantque
283 1645 346 1698 aestu
357 1642 448 1698 iatice53
468 1637 526 1686 surit
535 1636 599 1682 intus
611 1645 685 1693 aquae
694 1627 739 1686 vis,

90 1729 209 1784 Fumidus
218 1731 292 1781 atque
300 1714 348 1764 alte
356 1706 446 1772 spumis
456 1705 569 1753 exuberat
578 1701 668 1755 amuis3

89 1804 146 1851 Nec
155 1796 206 1860 jam
215 1789 239 1838 se
247 1781 312 1848 capit
319 1779 394 1835 unda;
414 1775 479 1822 volat
492 1783 566 1832 vapor
576 1775 626 1816 ater
637 1765 668 1814 ad
679 1775 754 1812 aurat.
772 1757 774 1762 ’

91 1871 160 1926 Ergo
172 1863 217 1910 iter
226 1855 256 1904 ad
265 1863 352 1911 regem,
363 1844 457 1906 portura
469 1853 533 1901 pace,
546 1835 662 1884 Latinum
729 1835 732 1839 '

91 1931 181 1982 Indicit
193 1921 277 1988 primis
285 1919 412 1980 juvenum
431 1919 455 1958 et
462 1909 532 1970 ¹jubet
540 1917 606 1952 arma
616 1897 703 1963 parari,
789 1922 797 1926 -

90 1995 185 2049 'lutari
192 1989 297 2043 uetiam
307 1981 429 2045 detrudere
440 1975 527 2024 finibus
538 1969 643 2018 hostem:

93 2069 125 2115 Se
134 2061 190 2126 satit
199 2055 312 2105 ambobus
320 2045 464 2103 Teucrisque
471 2039 550 2088 venire
556 2033 707 2092 Latinisque.

94 2135 162 2182 Haec
170 2125 212 2175 uiti
220 2122 284 2170 dicta
291 2115 366 2169 dedit,
375 2108 496 2167 Divosque
508 2105 533 2152 in
545 2111 602 2150 vota
609 2097 717 2154 vocavit;

95 2191 214 2247 Certatim
224 2187 268 2236 sese
277 2179 364 2232 Rutuli
372 2175 530 2224 exhortantur
539 2171 564 2216 in
574 2180 648 2213 arma.

95 2267 171 2315 Hunc
178 2260 246 2306 decus
253 2247 371 2314 egregium
380 2245 471 2290 formae
480 2244 559 2284 movet
569 2229 776 2293 atquejuventae3

98 2335 173 2382 Hunc
183 2323 246 2373 atavi
253 2333 326 2378 reges,
337 2313 401 2360 hune
410 2305 478 2355 claris
489 2305 586 2350 dextera
598 2301 674 2346 i'actis.

133 2397 200 2442 Dum
209 2393 306 2438 Turnus
317 2378 420 2428 Rutulos
428 2371 515 2420 animis
523 2367 649 2416 arrdacibus
658 2361 756 2424 impiet,

98 2465 190 2515 Alecto
199 2457 229 2505 in
233 2456 256 2503 T
258 2463 338 2500 eucros
347 2441 435 2506 stygiis
446 2438 468 2486 se
477 2435 581 2485 concitat
593 2433 636 2480 alis
645 2449 652 2488 ;

99 2534 166 2580 Arte
175 2537 237 2572 nova
247 2517 363 2579 speculata
375 2512 464 2563 locum,
477 2519 525 2565 quo
534 2501 603 2550 litore
614 2496 713 2561 pulcher

99 2591 195 2645 Infidiis
203 2585 316 2644 cursuque
326 2582 386 2628 seras
393 2573 499 2634 agitabat
507 2572 581 2617 lutus.

99 2659 152 2711 Hic
160 2655 260 2704 subitam
270 2650 367 2698 canibus
377 2641 466 2691 rabiem
476 2637 576 2696 Cocytia
585 2633 654 2694 virgo

101 2723 207 2789 objicit,
215 2729 240 2776 et
249 2725 307 2766 noto
319 2727 386 2764 nares
393 2703 512 2820 οοηῐὶιὲξίῑ
523 2703 607 2759 odore,

505 2782 521 2820 2
