1818 2914
76 71 446 149 assumemus
479 84 566 130 nrt.
597 85 638 133 lv.
684 95 741 146 17⁴·

75 173 159 234 Fama,
171 172 262 224 malum
274 193 323 240 quo
333 195 382 226 non
392 177 455 226 aliud
467 177 568 229 velocius
578 179 655 230 ullum

74 240 213 292 nobilitare
224 242 295 302 viget,
307 245 411 305 viresque
422 246 524 306 acquirit
535 250 625 306 eund03

74 307 151 357 Parra
162 319 229 359 metu
239 311 327 370 primo,
347 326 405 357 mor
416 310 462 359 sese
472 311 563 362 attollit
574 313 599 360 in
610 331 688 374 auras,

76 376 254 438 ingrediturque
264 374 321 434 solo,
333 389 357 424 et
369 387 440 438 capnt
450 378 512 428 inter
523 379 603 428 nubila
615 383 706 431 condit.

74 439 145 491 Illam
153 445 227 490 Terra
237 457 328 504 parens,
341 444 376 492 im
387 444 480 494 irritata
488 447 605 507 Deorum,

74 508 224 568 Extremam,
235 517 262 557 ut
273 507 409 570 perhibent,
421 515 484 562 Coeo
491 511 657 576 Enceladoque
668 513 770 564 sororem

75 575 322 638 Progenuithedibus
330 575 438 638 celerem,
451 588 475 628 et
486 579 617 640 pernicibus
629 579 683 640 alis3

74 640 207 690 Monstrum
219 641 374 704 horrendum,
389 645 485 706 ingensr
504 647 551 706 eui,
570 657 631 709 quot
647 647 702 696 sunt
718 663 817 710 corpore

72 706 124 756 Tot
135 705 215 768 vigiles
225 707 288 758 oculi
298 709 386 770 subter,
398 711 506 761 mirabile
516 714 593 774 disin,
685 714 815 780 '[plumoe,
899 765 900 772 ,

7 823 9 830 ,
71 773 122 822 Tot
133 772 234 836 linguae,
245 777 347 825 totidem
357 793 399 826 ora
411 779 504 840 sonant,
518 789 555 830 tot
566 781 663 844 subrigit
674 797 749 832 aures.

7 837 10 898 ῗ
71 841 148 889 Nocte
159 839 224 891 r'olat
233 841 292 892 coeli
303 845 392 905 medio,
403 855 525 909 terraeque
535 863 578 908 per
588 851 698 896 umbram

7 927 8 942 π
71 907 187 967 Stridens,
197 923 241 959 nec
251 909 314 960 dulci
325 911 427 961 declinat
438 911 528 962 lumina
538 914 634 962 somno:

71 976 138 1023 Luce
149 976 211 1025 sedet
224 977 300 1042 custus
310 988 352 1027 aut
363 979 449 1027 summi
460 977 563 1030 culmine
573 979 638 1040 testi,

71 1041 188 1091 Turribus
198 1055 240 1092 aut
250 1043 313 1104 altis,
325 1054 350 1094 et
362 1061 460 1106 magnas
469 1048 564 1096 territat
576 1050 655 1104 urbes3

71 1105 136 1156 Tam
147 1109 195 1159 ficri
205 1112 318 1173 pravique
326 1121 408 1170 tenax,
421 1129 493 1173 quam
503 1113 588 1162 nuntia
598 1115 654 1162 reri.
726 1150 735 1163 .

71 1176 138 1224 Haec
150 1181 201 1226 t'um
214 1177 341 1238 multiplici
352 1177 453 1240 populos
463 1179 569 1228 sermone
581 1179 696 1241 replebat,

71 1245 193 1302 caudens,
205 1253 230 1292 et
240 1245 328 1304 pariter
338 1245 400 1291 sosia
411 1253 483 1306 atque
492 1245 580 1292 insesln
591 1249 705 1304 canebat;

71 1307 162 1358 Venisse
170 1313 270 1357 Aenean
279 1308 385 1370 Trojano
398 1308 411 1357 ai
422 1309 532 1371 sanguine
543 1320 643 1369 cretum,

70 1375 116 1424 Cui
127 1373 257 1436 sepulchra
268 1375 318 1424 viro
329 1375 439 1436 dignetur
447 1375 544 1440 jungere
550 1377 629 1436 Did03
691 1397 694 1402 ¹

69 1443 143 1492 Nune
153 1441 263 1504 hyemem
276 1443 338 1492 inter
348 1443 370 1490 se
382 1441 449 1502 luxu,
460 1454 534 1504 quarn
545 1441 625 1504 longa,
637 1444 726 1502 lovere,

70 1509 208 1570 Regnorum
221 1509 380 1568 immemores,
392 1509 504 1571 turpique
515 1509 625 1572 cupidine
635 1517 726 1572 captos.

90 1573 169 1626 'Haec
180 1576 263 1640 passim
274 1579 328 1625 Dea
339 1579 408 1624 foeda
419 1575 497 1625 virilm
508 1577 621 1625 diffundit
632 1577 658 1624 in
668 1591 718 1624 ora.

71 1645 188 1693 Protenus
199 1643 230 1692 ad
241 1659 319 1704 regem
331 1645 408 1692 cursus
418 1645 544 1706 detorquet
557 1645 658 1701 larbam,

70 1713 226 1772 Incenditque
237 1712 344 1758 animum
356 1711 433 1769 diuis,
446 1720 518 1772 atque
529 1719 623 1772 aggerat
634 1710 688 1759 iras.

71 1779 119 1826 Hic
127 1783 252 1825 Ammone
262 1777 333 1836 satus,
346 1771 729 1836 rapta'GaramantideNympha,

70 1843 175 1904 Templa
185 1843 240 1906 Jori
251 1851 356 1900 centurn,
370 1841 424 1890 latis
436 1841 550 1888 immania
561 1840 647 1900 regnis,
817 1905 819 1912 γ

71 1913 174 1960 Centum
187 1925 238 1958 aras
250 1909 335 1970 posuit,
348 1906 489 1968 vigilemque
501 1907 629 1955 sacraverat
641 1906 732 1966 ignem,

70 1977 188 2026 Excubias
197 1975 289 2023 Divum
302 1985 415 2038 aeternas,
425 1974 590 2035 pecudumque
599 1987 680 2030 cruore

71 2045 162 2105 Pingue
173 2041 257 2102 solum,
269 2051 293 2090 et
304 2041 375 2090 variis
386 2041 494 2090 florentia
506 2039 590 2088 limina
600 2039 674 2089 sertis.

71 2112 139 2172 Isque
150 2127 232 2159 amens
242 2109 326 2168 animi,
338 2118 362 2158 et
374 2123 467 2157 rumore
479 2108 585 2156 accensus
597 2123 686 2166 amaru,

71 2178 169 2226 Dicitur
180 2187 235 2226 ante
247 2193 306 2236 aras,
319 2179 396 2226 media
408 2177 470 2224 inter
481 2174 580 2222 numina
586 2171 687 2231 Diuim,

71 2242 152 2294 Multa
163 2247 247 2308 Jovem
259 2243 368 2292 manibus
379 2241 477 2304 supplex
488 2239 561 2290 orlsse
570 2240 669 2302 supiuirr

71 2309 165 2371 Jupiter
176 2311 337 2372 omnipotens,
351 2310 388 2359 cui
400 2313 463 2357 nunc'
475 2307 594 2358 Maurusia
604 2305 679 2372 pisile

72 2379 138 2421 Gens
148 2375 242 2436 epulata
254 2379 322 2438 toris,
334 2381 457 2426 Lenaeum
467 2373 527 2425 libat
539 2375 663 2432 honorem,

71 2439 166 2499 Aspicis
177 2441 249 2490 haec?
268 2461 298 2492 an
311 2449 343 2502 te,
356 2443 457 2506 genitor,
471 2443 525 2492 erim
538 2439 639 2491 fulmina
649 2449 756 2501 torques,

71 2505 237 2566 Nequicqnanr
250 2509 387 2560 horremus?
405 2509 513 2572 caecique
525 2511 550 2556 in
562 2508 661 2557 nubibus
673 2508 738 2567 ignes

70 2568 211 2620 Tenificant
224 2575 326 2634 animos,
339 2585 363 2626 et
374 2577 453 2626 inania
466 2591 588 2624 murmura
599 2569 713 2622 miscenti

71 2634 177 2708 Femina,
189 2655 249 2697 quae
261 2641 345 2688 nostris
356 2659 436 2691 errans
446 2641 471 2689 in
484 2643 569 2690 finibus
579 2643 662 2690 urbem

118 2713 187 2756 tuam
199 2706 275 2762 pretio
286 2707 374 2767 posuit,
387 2709 425 2757 cui
437 2708 494 2756 litus
505 2709 630 2770 arandum,
