1804 2904
255 29 485 78 annona
524 29 554 75 v.
588 2 637 35 ·’···
768 24 818 82 *ss
890 43 891 66 .

80 148 125 180 uo.
137 131 202 197 Qid
210 129 227 180 fi
236 131 299 180 idern
307 140 381 180 certet
389 129 514 181 Phoebum
524 127 627 188 superare
695 130 724 176 13

81 215 127 250 un.
139 201 227 262 Incipe,
237 197 331 259 Mopse,
339 199 415 258 prior3
433 195 449 244 sr
458 211 518 258 quos
527 204 569 242 aut
580 194 668 262 Phys>

81 271 135 315 Aut
144 266 246 315 Alconis
254 265 327 314 habes
335 264 423 322 hodes,
435 274 476 312 aut
486 261 562 324 jurgia
569 260 651 308 Codri.
660 255 676 334 ξε

82 334 173 396 Incipe:
193 333 314 395 pascentes
323 332 423 380 servabit
431 332 530 392 Tityrus
541 328 638 376 haedos.
679 321 686 344 ’

83 415 128 448 uo.
139 405 219 449 lntnro
230 400 298 458 haec,
312 399 337 446 in
346 399 415 446 viridi
424 411 498 458 nuper
507 411 567 458 quac
576 397 663 444 cortice
674 393 696 444 h

81 468 194 516 Carmina
205 465 321 528 descripsi,
334 475 359 514 et
368 461 495 534 modulans
505 462 597 512 alterna
609 463 717 521 notavi„

81 535 211 598 Experiar:
231 545 258 584 tu
267 534 354 582 deinde
359 530 445 596 jubeto
456 540 530 580 certet
541 534 672 590 Amyntas.

82 615 130 649 ut.
149 605 229 650 Lenta
240 601 298 650 salix
308 610 427 663 quantum
439 596 540 660 pallenti
552 598 612 645 cedit
624 595 710 655 olivae,
741 627 745 637 «

82 667 193 717 Puniceis
203 667 298 716 humilis
308 677 427 730 quantum
438 663 541 714 saliunca
552 663 643 722 rosetis,
749 659 753 671 “
808 678 832 726 r.-

10 735 11 738 ’
83 735 179 799 Judicio
190 733 268 784 nostro
278 745 372 786 tantum
384 733 430 784 tibi
441 733 504 784 cedit
513 735 644 792 Amyntas.
698 784 700 786 ,

85 816 135 849 uo.
145 802 189 852 Set
199 811 227 852 tu
237 801 401 866 defineplura‚
413 817 484 863 puer:
504 797 649 848 succedimus
662 809 741 848 antro.
787 809 789 816 ’

83 867 224 922 Extinshrm
235 870 357 932 nymphae
368 866 456 918 crudeli
468 871 549 916 sunere
557 866 676 926 Daphnin

83 935 197 985 Flebant:
216 952 259 986 vos
271 935 346 996 coryli
356 935 436 991 testes,
447 943 471 981 et
484 934 581 993 flumina
593 933 705 993 nymphis
715 949 722 980 t

83 1005 156 1062 Cim,
167 1001 294 1066 complexa
306 1002 340 1050 sui
350 1016 436 1062 corpus
447 998 577 1047 miserabile
588 1000 649 1057 nati,
676 1027 679 1032 ·

9 1119 11 1130 ,
82 1075 168 1132 Atque
179 1073 236 1120 deos
246 1067 390 1132 atque-astra
402 1076 472 1116 vocat
484 1063 587 1116 crudelia
599 1071 682 1115 mater.

82 1141 140 1188 Non
152 1135 196 1185 ulli
206 1135 285 1200 pallus
294 1134 342 1190 illis
352 1134 419 1197 egdre
429 1135 510 1187 dubus

83 1205 185 1266 Frigida,
195 1203 305 1266 Daphni,
317 1207 387 1252 boues
398 1205 429 1250 ad
438 1203 549 1254 flumina:
563 1199 819 1264 nuila'ucqueamnetn

83 1272 180 1322 Libavit
191 1273 333 1334 quadrupes,
345 1287 389 1320 nec
399 1269 513 1332 graminis
526 1269 608 1330 attigit
619 1267 727 1322 herbam.

84 1340 193 1401 Daphni,
202 1349 273 1388 tuuni
284 1339 377 1387 Poenos
387 1339 461 1386 etiam
471 1333 607 1399 ingemuisse
619 1335 699 1386 leones

83 1407 220 1466 interitum,
233 1404 429 1476 montesquer'eri
440 1401 554 1466 silvaeque
566 1401 703 1466 loqtruntur.
732 1445 733 1451 ,

9 1523 11 1528 ,
80 1473 197 1536 Daphnis
207 1483 232 1522 et
239 1473 368 1521 Armenias
379 1487 447 1520 curru
459 1471 595 1532 subjungere
604 1471 677 1530 tigrot

81 1541 202 1594 Instituit,
212 1539 326 1595 Daphnis
335 1539 424 1590 thiasos
434 1539 543 1586 inducere
553 1533 654 1593 Baccho,

10 1623 11 1626 ¹
81 1610 119 1654 Et
133 1601 198 1650 soliis
209 1599 287 1648 lentas
297 1601 402 1648 intexere
412 1599 522 1648 mollibus
533 1601 618 1647 hastas.

80 1671 148 1722 Vitis
160 1677 187 1716 ut
199 1666 323 1716 arboribus
333 1667 411 1714 decori
423 1663 464 1724 est,
478 1665 680 1727 novitianum,

81 1743 121 1786 Ut
134 1735 240 1797 gregibus
251 1733 322 1791 tauri,
334 1732 422 1794 segetes
433 1742 459 1780 ut
471 1734 598 1796 pinguibus
604 1737 682 1794 arvis3

82 1806 124 1854 Tu
133 1805 202 1851 decus
213 1815 284 1848 omne
293 1801 354 1848 tuis:
374 1799 498 1864 postquam
510 1811 535 1868 te
541 1800 724 1866 serumserum,

82 1871 136 1932 Ipsa
144 1867 213 1916 Pale's
224 1884 300 1928 agros,
313 1878 386 1930 atque
396 1867 444 1929 ipse
456 1866 552 1930 reliquit
561 1868 661 1930 Apollo.
681 1875 688 1881 '

84 1936 191 1984 Grandia
199 1936 266 1995 saepe
277 1936 363 1997 quibus
375 1937 539 1985 mandavimus
550 1936 722 2006 hordeaosulcit,

83 2001 171 2052 inselix
183 2001 276 2059 lolium,
287 2012 312 2050 et
324 2001 409 2050 steriles
420 2001 547 2052 nascimtur
558 2019 652 2052 avenae.

80 2072 129 2120 Pro
142 2067 210 2117 molli
221 2066 293 2126 viola,
305 2083 350 2128 pro
360 2083 478 2129 purpureo
488 2067 596 2127 narcisso,

10 2139 20 2156 ²
80 2137 199 2196 carduus,
212 2145 236 2184 et
248 2134 321 2196 spinis
332 2135 405 2196 surgit
416 2133 519 2196 paliurus
530 2137 612 2185 acutis.

79 2205 190 2266 Spargite
201 2202 301 2250 humum
314 2200 386 2260 soliis,
399 2200 502 2252 inducite
513 2205 620 2253 sontibus
630 2207 735 2265 umbras,

79 2269 204 2320 Pailores:
225 2271 324 2318 mandat
336 2269 387 2317 fieri
397 2267 439 2317 fibi
450 2268 508 2318 talia
518 2271 639 2332 Daphnis.

78 2341 113 2388 Et
127 2335 249 2400 tumulum
262 2337 341 2396 facite,
353 2347 379 2385 et
390 2335 483 2385 tumulo
494 2337 641 2399 superaddite
652 2354 761 2388 carmen:

77 2404 195 2466 Daphnis
206 2419 250 2464 ego
261 2403 286 2450 in
297 2402 369 2463 silvis,
381 2402 438 2452 hinc
448 2403 521 2466 usque
531 2407 562 2454 ed
573 2403 645 2454 sidera
656 2416 740 2465 notun

81 2468 189 2519 Formofi
202 2469 292 2532 peeoris
302 2469 387 2530 custos,
399 2470 523 2520 formosior
534 2471 588 2534 ipsc.

82 2551 129 2586 ara.
142 2535 206 2585 Tale
217 2546 285 2585 tuum
298 2553 392 2586 carmen
404 2540 482 2598 nobis,
494 2539 574 2588 divine
585 2542 667 2600 posta,

80 2601 158 2666 Quale
171 2604 242 2664 sopor
253 2601 314 2652 feliis
325 2604 350 2652 in
361 2605 482 2666 gramine:
501 2602 571 2665 quale
582 2622 625 2666 per
636 2604 726 2651 aestum

79 2669 166 2720 Dulcis
178 2685 254 2734 aquae
264 2669 361 2723 saliente
372 2669 437 2723 titini
448 2669 589 2733 restinguere
599 2671 660 2718 rivo.
738 2693 742 2703 ·
756 2705 761 2718 .
