1818 2914
92 61 142 100 aaa
191 53 446 102 ARNEIDOS
479 54 641 106 LIB.V1.*
687 55 744 108 688.

92 144 156 195 vicit
165 145 211 194 iter
222 148 308 196 durum
319 148 406 208 pietas!
423 149 493 196 datur
503 165 545 196 ora
553 151 626 209 tueri,

90 211 165 271 Nate,
177 224 228 272 tua,
240 225 263 262 et
274 223 342 262 notas
352 214 430 260 audire
441 223 465 261 et
478 216 572 264 reddere
582 213 664 266 voces?

91 277 129 327 Sic
138 280 249 343 equidem
259 282 371 328 ducebam
381 279 472 337 animo,
483 283 596 344 rebarque
605 285 722 344 futurum,

90 345 212 408 Tempora
223 347 395 403 dinumerensp
407 361 450 393 nee
462 361 501 396 me
513 362 565 396 mea
575 364 630 396 cura
641 349 734 399 fefellit.

91 413 159 478 Quas
168 429 210 474 ego
222 425 248 462 te
256 423 337 469 terras,
349 423 373 472 et
383 422 475 474 quanta
487 431 528 475 per
538 431 640 476 aequora
649 419 741 466 redium
762 433 768 439 ·

90 477 203 540 Accipio!
220 478 315 539 quantis
324 477 449 538 jadiatum,
462 489 525 539 nate,
538 479 641 542 periclis!

90 547 170 610 Qum
182 543 264 604 metui,
276 560 306 591 ne
315 547 375 605 quid
381 547 472 608 Libyae
483 547 531 596 tibi-
538 563 609 609 regna
616 551 742 614 ¹nocerent!
815 545 817 560 '

89 611 132 660 llio
143 621 235 659 autem:
255 613 309 660 Tua
317 628 366 672 me,
380 615 482 676 genitor,
492 624 533 662 tua
543 614 614 676 nidis
622 616 709 678 iruagu,

88 677 183 738 Saepius
192 693 325 738 occurrens,
337 679 396 728 haec
407 679 489 730 limina
497 683 593 730 tendere
604 682 690 744 adegit·
804 735 807 744 Α

87 747 158 792 Stant
170 739 351 807 salejryrrheno
362 744 448 796 classes.
467 751 507 796 Da
515 749 612 810 jungere
621 745 740 806 dextrauu'
796 754 805 772 ⁴

86 812 135 868 Da,
148 811 254 870 geuitor3
274 823 345 874 teque
357 813 469 874 amplexu
480 830 510 862 ne
522 815 630 870 subtrahe
642 813 729 864 nostro.
808 821 809 828 ’

86 877 124 926 Sic
136 893 281 938 memorans,
293 880 358 942 largo
366 883 424 931 fletu
434 879 503 928 simul
513 899 555 930 ora
563 883 663 942 rigabat.

85 943 137 992 Ter
147 955 247 994 oouatus
256 947 289 998 ibi
300 946 361 996 colio
372 950 427 998 dare
438 948 534 996 brachiu
545 948 645 1007 circum3

86 1009 137 1058 Ter
149 1010 234 1062 frustra
242 1013 379 1074 comprensa
391 1031 475 1064 manus
486 1014 565 1076 effugit
577 1015 675 1078 imago!

88 1078 136 1126 Par
148 1076 237 1128 levibus
249 1081 333 1143 verutis,
347 1079 481 1143 uolucrique
490 1079 608 1130 fimiilirna
619 1081 710 1131 sumno.

122 1147 215 1194 Interea
227 1147 290 1198 videt
299 1149 394 1198 Aeneas
405 1149 431 1200 in
443 1145 502 1194 valle
513 1149 608 1196 redut'ta

88 1208 206 1274 Seclusum
216 1228 309 1270 nemus,
322 1222 346 1260 et
358 1210 458 1272 virgulta
468 1211 670 1274 sonantia,sylvis;

87 1276 372 1338 LethaeumqueJdomos
383 1276 486 1338 placidas
496 1278 537 1338 qui
547 1280 682 1338 praeparat,
692 1295 801 1331 amnem.

87 1347 158 1394 Hunc
167 1343 253 1392 circum
266 1344 402 1392 innumerae
412 1353 503 1406 gentes,
515 1343 642 1406 populique
654 1343 781 1395 volabant?

87 1414 127 1460 Ac
139 1407 211 1457 reiuri
221 1409 245 1458 in
258 1411 340 1472 pratis,
352 1410 394 1460 ubi
399 1427 457 1472 apes
464 1409 548 1469 aesiate
557 1411 636 1459 serena

88 1475 196 1526 Floribus
204 1475 310 1526 insidunt
320 1477 398 1535 variis,
410 1487 433 1526 et
444 1479 543 1526 candida
555 1477 642 1526 circum

86 1543 152 1594 Lilia
163 1545 305 1604 funduntur,
319 1543 400 1607 strepit
408 1544 486 1594 omnis
495 1549 614 1594 murmure
623 1559 727 1606 campus.

7 1643 12 1660 .
87 1609 209 1662 Horrescit
219 1611 268 1660 visu
277 1611 363 1672 subito,
374 1607 506 1674 caussasque
515 1609 613 1672 requirit

88 1675 177 1728 Inscius
186 1683 293 1737 Aeneam
313 1694 374 1741 quae
384 1677 431 1727 smt
443 1695 470 1726 ea
482 1678 579 1726 flumina
591 1692 670 1740 porro,

90 1745 168 1813 ine
180 1745 223 1794 viri
235 1755 304 1794 tanto
315 1743 458 1806 complerint
469 1745 563 1806 agmine
575 1743 645 1804 ripas.

88 1813 155 1860 Tum
167 1822 235 1874 pater
245 1811 374 1858 Anchises:
393 1811 508 1868 Animae,
521 1810 607 1872 quibus
617 1807 691 1858 altera
701 1811 753 1860 sato

90 1881 196 1939 Corpora
207 1879 330 1934 debentur,
340 1876 441 1924 Lethaei
452 1879 483 1924 ad
494 1876 598 1924 fluminis
609 1879 699 1926 undam

81 1949 186 2006 xSecuros
197 1941 285 2001 latices,
297 1952 323 1990 et
334 1940 404 2003 longa
415 1941 503 2000 oblivia
512 1951 607 2004 potant.

88 2012 140 2060 Has
150 2009 260 2072 equidem
270 2024 399 2056 memorare
409 2007 454 2058 tibi
464 2017 536 2070 atque
545 2007 665 2058 ostendere
673 2023 762 2066 eoram,

89 2078 237 2142 jampridem
248 2076 308 2126 hanc
320 2073 411 2138 prolem
424 2076 493 2138 cupio
502 2091 638 2124 enumerare
649 2090 774 2124 meorum:

88 2145 146 2208 Qu
158 2143 233 2206 magis
243 2141 311 2192 ltalia
321 2139 412 2192 mecum
424 2140 509 2191 laetere
520 2151 619 2203 reperta.

89 2214 111 2256 0
124 2219 200 2269 pater,
213 2226 276 2258 anne
286 2207 377 2271 aliquas
387 2210 419 2256 ad
430 2207 521 2257 coelum
531 2209 588 2258 hinc
599 2209 632 2256 ire
642 2208 781 2268 putapdum
793 2206 832 2256 en

87 2273 204 2324 Sublimes
216 2275 317 2334 animas,
329 2275 461 2337 iterumque
471 2278 502 2324 ad
511 2276 578 2324 tarda
589 2273 673 2322 reverti

86 2339 209 2399 Corpora?
227 2340 357 2402 quaerlucis
367 2341 454 2390 miseris
463 2351 512 2390 tam
525 2341 577 2389 dira
584 2335 685 2402 cupido?
819 2395 822 2402 ι

86 2405 175 2453 Dicam
186 2408 311 2467 equidem
331 2423 375 2456 nec
387 2418 410 2457 te
419 2408 562 2470 suspensum,
575 2416 639 2465 nate,
653 2407 758 2456 tenebo:

84 2469 185 2529 Suscipit
195 2471 318 2530 Anchises,
330 2482 403 2534 atque
411 2475 493 2523 ordine
503 2471 591 2537 singula
602 2474 695 2536 pandit.
710 2489 717 2500 ·

119 2533 239 2596 Principio
249 2537 352 2597 coelum,
363 2555 391 2588 ac
402 2549 485 2600 terras,
497 2542 638 2602 camposque
650 2537 782 2602 liquentes',

83 2597 264 2672 lucentemque
275 2602 372 2662 globum
380 2603 473 2664 Lunae,
483 2609 629 2682 Titaniaque
641 2607 701 2656 astra

84 2661 187 2718 Spiritus
197 2664 262 2714 intus
274 2665 334 2718 alit:
354 2679 481 2736 totamque
493 2673 570 2724 infusa
580 2687 623 2738 pcr
635 2684 699 2724 artus
