1806 2912
99 65 148 116 262
199 67 451 116 hartuinus
482 65 567 112 ΗΒ.
599 65 643 114 tx,
685 63 745 126 55'a.

97 165 189 214 Contra
201 162 248 212 tela
259 165 326 220 surit,
337 163 426 222 seseque
436 159 500 209 haud
512 161 591 210 nescia
598 161 670 212 morti

96 229 186 291 injicit,
199 239 223 279 et
234 227 293 278 saltu
303 229 369 288 supra
381 225 495 275 venabula
507 231 594 276 fertur:

97 298 170 346 Haud
181 295 247 344 aliter
254 295 344 357 juvenis
354 293 445 340 medios
455 294 585 344 moriturus
594 295 619 343 in
630 294 707 344 hoster

97 362 182 418 iuuit:
200 371 234 419 et,
245 377 290 422 qua
301 356 347 408 tela
359 359 424 408 videt
433 359 575 420 densrffima,
587 363 673 412 rendit.

96 427 137 477 'Ar
147 427 241 490 pedibus
252 425 320 486 longe
332 423 417 475 melior
426 429 517 488 Lycus,
528 428 591 476 inter
601 439 625 476 et
636 425 722 486 hostes,

97 497 162 543 luter
172 503 196 542 et
206 507 280 550 arma,
290 494 347 553 suga
358 509 439 542 muros
448 504 522 554 tenet,
534 493 628 554 ultaque
640 502 715 542 certat

97 559 210 610 Prindere
220 559 283 608 teila
293 574 377 617 manu,
391 559 526 621 sociumque
537 559 651 620 attingere
662 560 767 606 dextras.

96 627 172 690 Qem
182 625 288 684 Turnus,
301 625 390 686 pariter
401 626 464 674 cursu
477 621 570 688 teloque
580 625 679 682 securus,

97 693 205 749 increpat
216 689 349 741 hisvittor:
370 691 493 740 Nostrasne
504 694 608 750 euadere,
621 695 727 750 demens,

95 754 197 818 Speriili
208 765 233 806 te
246 755 310 820 polle
323 757 420 808 manus?
439 756 507 808 simul
516 757 600 819 arripit
611 757 686 820 ipsum

95 825 254 883 Pendentem,
267 835 293 882 et
304 841 390 887 magna
401 825 463 874 muri
474 841 527 873 cum
539 835 606 886 parte
617 821 721 872 revellit:
887 833 888 884 y

94 888 180 954 eris
190 890 231 940 ubi
242 901 284 941 aut
294 890 406 953 leporem,
417 903 457 940 aut
470 893 581 940 candenti
591 907 687 952 corpore
696 903 807 951 cycnum,
887 891 888 940 ἶ

94 955 194 1006 Sustulit
204 955 255 1026 alta
266 968 348 1020 petens
358 959 456 1020 pedibus
468 958 533 1022 Jor‘is
544 958 644 1020 armiger
653 956 733 1006 uncis:

96 1022 236 1088 Qaefitum
250 1035 290 1076 aut
301 1025 372 1074 matri
383 1023 466 1074 multis
477 1023 594 1074 balatibus
603 1039 690 1085 agnum

95 1090 203 1139 Martius
214 1090 227 1140 ὲ
239 1089 332 1140 stabulis
342 1091 420 1152 rapuit
432 1089 507 1152 lupus.
526 1092 637 1150 Undique
646 1087 736 1136 clamor

96 1155 211 1206 Tollitur.
231 1157 355 1212 invadunt,
367 1165 391 1204 et
404 1153 477 1203 fosias'
485 1172 566 1216 aggere
578 1153 708 1214 complent.
722 1195 734 1202 ,

97 1225 219 1272 Ardentes
228 1223 307 1270 taedas
315 1219 354 1267 alii
365 1222 395 1268 ad
407 1220 496 1280 fastigia
505 1215 604 1281 joslani.
630 1248 641 1264 1

98 1287 199 1338 Ilioneus
210 1287 265 1336 saxo
276 1295 347 1347 atque
358 1285 448 1346 ingenti
460 1285 576 1346 fragmine
588 1283 679 1334 montis
718 1311 721 1316 2

96 1351 231 1410 Lucetium,
244 1361 326 1412 portae
337 1351 483 1409 subeuntem,
495 1351 603 1412 ignesque
615 1352 746 1410 serentem

96 1417 243 1470 Emathiona
255 1417 334 1479 Liger,
346 1420 495 1480 Corynaeum
507 1417 588 1466 sternit
598 1415 698 1477 Asylas:

90 1487 144 1538 ¹llic
153 1485 232 1549 jaculo
242 1487 328 1543 bonus,
340 1483 379 1533 hic
390 1483 459 1544 longe
471 1481 568 1536 fallente
577 1482 675 1544 sagitta.

99 1554 227 1615 Ortygium
239 1553 353 1610 Caeneus,
364 1551 477 1600 vitiorem
490 1553 582 1600 Caenea
592 1549 705 1598 'surnusr

89 1619 195 1669 ‘Turnus
206 1621 271 1680 Ityn,
283 1615 451 1680 Cloniumque,
461 1617 622 1678 Dioxippum,
634 1611 832 1677 Promolumque,

99 1689 134 1734 Et
144 1686 259 1748 Sagarim,
271 1694 295 1734 et
307 1685 404 1732 summis
416 1683 516 1732 stantem
528 1700 571 1744 pro
583 1681 684 1731 turribus
697 1682 778 1728 idam:
805 1679 810 1686 '

100 1751 240 1800 Privernum
251 1753 337 1812 Capys.
356 1755 428 1799 Hunc
438 1751 516 1812 primo
526 1749 583 1796 levis
592 1746 657 1795 haila
665 1745 798 1796 Themillae

100 1817 249 1866 strinxerat:
268 1813 306 1864 ille
318 1831 415 1864 manum
427 1817 531 1878 proiecto
541 1814 646 1874 tegmine
657 1813 752 1862 demens

100 1883 145 1931 Ad
154 1880 237 1930 vulnus
248 1881 318 1930 tulit:
338 1897 392 1941 ergo
401 1879 444 1929 alis
454 1881 542 1942 allapsa
552 1879 646 1940 sagitta,
804 1933 809 1942 Ι

100 1951 136 1997 Et
147 1945 212 1996 laeuo
224 1946 297 1996 infixa
308 1943 340 1993 est
352 1945 419 1998 interi
429 1962 523 2004 manus,
536 1947 664 2006 abditaque
675 1944 740 1994 intus

101 2014 252 2077 Spiramenta
263 2013 355 2062 animae
366 2011 449 2062 lethali
459 2012 554 2060 vulnere
565 2011 637 2074 rupit.

102 2085 188 2131 Stabat
199 2081 224 2128 in
236 2079 332 2141 egregiis
344 2081 455 2128 Arcentis
467 2079 527 2129 filius
536 2079 619 2136 armir3

101 2149 183 2196 Pieros
195 2163 237 2198 acu
249 2145 407 2210 chlamydem,
419 2156 444 2196 et
453 2146 568 2206 ferrugine
577 2143 651 2196 clarus
663 2145 741 2202 ibere,

101 2214 200 2274 Insignis
212 2216 284 2262 faciet
304 2214 396 2274 genitor
406 2219 476 2274 quem
489 2213 582 2259 miserat
590 2214 691 2268 Arcens,

99 2281 219 2328 Edudium
232 2279 319 2327 Mortis
328 2278 390 2338 luco,
403 2277 538 2340 Symaethia
549 2279 634 2326 circum

97 2341 217 2401 Flumina,
231 2345 324 2406 pinguis
334 2345 375 2392 ubi
386 2356 410 2394 et
420 2343 589 2406 placabilitate
601 2339 683 2388 Palici.
725 2347 728 2354 ’

94 2408 242 2456 Stridentem
253 2413 363 2468 fundam,
376 2410 460 2470 positis,
466 2409 598 2470 Mezentius
608 2405 691 2465 armis,

94 2472 144 2530 lpse
156 2483 193 2519 ter
204 2477 303 2522 addutla
314 2476 402 2522 circum
414 2485 485 2536 eaput
496 2478 542 2538 egit
553 2475 656 2529 habena3

92 2533 128 2606 Et
139 2539 217 2584 media
228 2538 315 2586 adversi
325 2539 453 2599 liquefacto
461 2550 569 2602 tempora
579 2538 679 2600 plumbo

96 2596 200 2655 Dfffidll,
213 2617 240 2654 ὃς,
248 2602 324 2652 multa
337 2608 469 2662 porrettum
479 2605 587 2656 extendit
599 2621 676 2654 arena.

93 2657 160 2704 Tum
172 2663 278 2719 primum
290 2666 355 2716 bello
364 2667 461 2720 celerem
473 2669 601 2761 ἰηιεηάὶίζὲ
608 2671 723 2736 sagittaru-
