1814 2910
98 77 131 144 98
206 43 460 131 Aeunrnos
493 83 579 130 nin.
612 85 631 131 r.
680 75 739 149 52'9·

99 181 156 226 Non
165 195 192 226 ea
201 179 237 228 ris
244 181 334 238 animo,
347 197 390 228 nec
399 189 469 228 tanta
477 179 583 240 superbia
591 181 665 228 vistis.

98 244 141 294 Est
153 243 227 304 locus,
237 247 373 308 Hesperiam
382 245 450 293 Graii
460 245 601 308 cognomine
610 247 706 305 dicunte

96 312 173 360 Terra
184 314 292 376 antiqua,
304 323 389 374 potens
401 311 483 370 armis,
495 322 568 374 atque
574 315 644 361 ubere
652 311 747 374 glebuee

98 380 199 428 Oenotri
210 377 300 427 coluire
312 378 367 426 viri:
387 394 451 426 nunc
463 380 537 438 sama,
550 379 652 428 minores

96 443 195 496 ltaliam·
202 441 292 502 dixisse,
302 444 368 492 ducis
379 445 409 493 de
421 444 519 493 nomine
531 455 634 508 gentem.

96 514 151 560 Huc
163 511 238 559 cursus
248 511 303 558 fult.
720 513 725 518 '
823 505 826 513 '

96 579 160 626 Cim
172 575 247 624 subito
259 573 376 638 assurgens
388 578 461 630 liussu
469 579 590 641 nimbosus
602 577 678 627 Orion

96 643 124 690 ln
134 645 192 692 vada
203 657 270 690 caeca
282 641 347 702 tulit,
360 643 499 706 penitusque
511 645 649 705 procacibus
660 643 761 703 Austris,

96 711 187 768 Perque
196 711 280 768 undas,
293 710 416 772 superante
428 709 484 769 salo,
496 727 584 772 perque
596 711 660 758 invia
670 711 724 758 serua
813 735 822 772 '.

93 773 214 834 Dispulit:
234 775 280 824 huc
292 777 360 836 pauci
372 775 448 823 vestris
457 777 595 824 adnavimus
606 778 661 824 oris.
772 776 835 839 [reris

93 841 167 904 Qod
174 857 247 901 genus
254 841 429 891 hochominum
439 840 544 903 iquaeve
549 842 614 888 hunc
620 851 672 888 tam
678 845 837 904 berberense-

93 907 216 958 Permittit
229 907 323 970 patria?
341 907 443 970 hospitio
454 907 606 969 prohibemur
615 920 713 955 trenaee
732 946 735 950 .

91 971 156 1021 Bella
167 974 240 1033 cient,
248 969 377 1036 primaque
387 983 470 1023 vetant
481 972 600 1022 consistere
610 982 680 1021 terra.

89 1027 116 1088 Si
129 1055 202 1101 genus
213 1040 344 1089 humanum
356 1050 381 1090 et
393 1037 502 1088 mortalia
510 1039 617 1088 temnitis
627 1055 706 1097 nemag

92 1109 131 1154 At
142 1105 232 1167 sperate
240 1107 306 1154 Deos
317 1121 432 1152 memores
443 1106 511 1152 fundi
522 1115 594 1166 atque
605 1105 709 1154 nefandi.

93 1175 147 1220 Rex
159 1183 209 1222 erut
218 1175 312 1220 Aeneas
324 1171 401 1227 nobis,
414 1185 462 1230 quo
470 1169 554 1232 justior
565 1170 625 1220 alter

94 1241 145 1286 Nec
157 1237 245 1298 pietate
255 1237 310 1294 suit,
324 1251 366 1283 nec
377 1233 439 1282 bello
450 1236 526 1298 major
536 1246 561 1284 et
572 1237 660 1284 armise
679 1239 682 1242 '
720 1243 723 1248 '

93 1305 172 1368 Qem
183 1300 200 1350 ss
213 1303 263 1350 sata
274 1301 349 1349 virum
361 1301 462 1359 servant,
475 1299 491 1347 sr
504 1301 601 1350 vescitur
612 1316 668 1350 aura

27 1386 34 1400 ·
92 1368 216 1426 Aetheria,
229 1383 306 1429 neque
317 1365 393 1415 adbuc
401 1363 532 1414 crudelibus
543 1369 642 1416 occubat
651 1367 755 1428 umbrlse
773 1380 778 1390 ·

91 1439 150 1484 Non
162 1443 247 1492 metus,
259 1431 334 1482 officio
346 1449 387 1482 nec
398 1442 423 1480 te
434 1430 530 1481 certifie
541 1433 656 1494 priorem-¹

91 1501 227 1553 Poeniteat.
246 1503 341 1550 suntet
354 1496 436 1556 siculis
447 1499 580 1560 regionibus
589 1501 668 1558 urbes,

90 1573 225 1632 Armaque,
234 1560 388 1629 Trojanoque
399 1565 414 1614 i
424 1565 535 1627 sanguine
546 1563 622 1614 clarus
632 1563 737 1617 Acestes.

92 1632 231 1700 Qassatam
242 1634 319 1682 ventis
330 1631 399 1682 liceat
410 1632 534 1680 subducere
545 1628 647 1693 classem,

91 1703 125 1750 Et
134 1699 194 1748 silvis
205 1710 287 1762 aptare
296 1703 383 1758 trabes,
392 1709 417 1748 et
426 1697 536 1762 stringere
543 1713 629 1756 remos,

91 1767 116 1814 Si
127 1769 197 1816 datur
205 1764 308 1822 ltaliam,
320 1765 386 1812 sociis
395 1774 419 1813 et
432 1780 483 1824 rege
494 1773 597 1823 recepto,

90 1834 208 1889 Tendere,
220 1839 248 1879 ut
260 1828 353 1881 ltaliam
366 1828 420 1877 laeti
429 1829 575 1888 Latiumque
586 1835 708 1887 petamuse

92 1899 134 1948 Sin
146 1897 254 1946 absumta
262 1893 331 1952 salus,
343 1903 368 1942 et
379 1903 412 1950 te,
425 1902 492 1954 pater
503 1891 733 1954 optimeTeuerlim!

91 1967 183 2014 Pontus
192 1961 263 2010 habet
271 1959 370 2022 Libyae,
383 1975 426 2007 nec
438 1957 488 2020 spes
496 1958 547 2021 jam
559 1955 628 2008 resins
641 1957 702 2018 llili3

92 2035 130 2082 Ar
142 2027 318 2079 sreta‘Sicaniae
330 2025 420 2086 saltem,
433 2025 541 2086 sedesque
550 2035 653 2088 paratas,

95 2099 164 2146 Unde
173 2096 219 2144 hue
228 2093 326 2153 advesli,
338 2107 462 2154 regemque
471 2100 581 2153 petamus
590 2091 701 2140 Acesten.
791 2142 801 2161 Ι

91 2162 193 2214 Talibus
201 2161 316 2210 Ilioneus:
336 2159 414 2208 cuneii
425 2157 494 2207 simul
504 2173 543 2207 ore
555 2161 687 2206 fremebant

93 2229 252 2280 Dardanidae.
344 2221 351 2232 ⁶

126 2297 192 2343 Tum
200 2291 383 2350 breuiterDido,
395 2289 489 2340 vultum
501 2287 605 2348 demissa,
615 2291 737 2350 prosetnrt

93 2358 182 2409 Solvite
193 2362 262 2409 corde
273 2368 373 2418 metum,
385 2359 481 2416 Teucri,
494 2355 602 2404 secludite
611 2368 684 2404 curus.

94 2431 143 2474 Res
151 2427 218 2484 dura,
230 2436 255 2474 et
267 2425 331 2486 regni
343 2425 436 2473 novitas
445 2439 484 2472 me
492 2421 550 2472 tilia
561 2432 649 2484 cogunt

93 2489 185 2548 Moliri,
197 2501 222 2539 et
231 2490 279 2540 lnte
287 2491 345 2540 fines
353 2490 446 2540 custode
452 2490 523 2539 tueri.

93 2557 154 2620 Qis
162 2572 234 2616 genus
243 2559 394 2616 Aeneadum,
407 2557 460 2620 quis
467 2555 555 2618 Troiae
567 2555 654 2605 nesciat
665 2555 757 2619 urbem,

93 2621 252 2682 virtutesque,
264 2622 380 2683 virosque,
392 2633 418 2672 et
427 2624 490 2672 tanti
500 2623 609 2672 incendia
618 2619 689 2672 belli?

92 2685 152 2732 Non
162 2687 244 2736 obtusa
256 2689 315 2738 adeo
323 2687 440 2751 gestamus
451 2691 545 2754 peston
557 2692 647 2749 Ροωὶς
