1804 2904
47 94 139 144 Cerviei
151 92 273 144 subnetle:
292 89 439 150 dehinc„ubi
451 86 526 134 libera
537 83 598 132 eolla

47 163 150 212 servitio
161 157 288 220 affuerunt,
301 157 355 221 ipsrs
367 161 380 205 ὲ
391 155 517 216 torquibus
529 161 600 216 aptos
662 203 668 214 ,

4 257 9 264 ·
46 231 123 291 Junge
136 245 212 290 pares,
225 238 249 278 et
258 243 313 290 coge
320 227 421 287 gradum
432 223 539 268 conferre
547 218 677 280 juvencos:

46 300 133 357 Atque
145 293 192 342 illis
200 295 251 358 jam
262 295 328 354 saepe
340 300 405 340 rotae
414 290 529 336 ducantur
540 285 623 332 inanes
640 317 641 330 r
702 333 705 345 ι

47 364 92 408 Per
100 373 201 420 terram,
213 367 237 410 et
249 361 342 410 summo
354 355 447 416 vestigia
458 351 552 416 pulvere
563 349 665 412 signent.

47 427 104 475 Post
115 427 194 476 valido
206 430 284 476 nitens
295 427 337 474 sub
349 425 452 486 pondere
463 419 556 480 faginus
566 419 618 466 axis
713 463 716 468 ,

41 493 176 556 instrepat,
188 505 213 544 et
222 495 316 557 junslos
328 502 393 540 temo
406 487 486 538 trahat
497 502 575 534 aereus
586 487 661 532 orbes.

12 609 16 624 ⁸
48 564 142 610 Interea
154 562 212 622 pubi
221 561 351 608 indomitae
363 573 412 605 non
422 551 530 617 gramina
540 562 646 608 tantum,

46 631 99 676 Nec
109 628 189 676 vescas
199 625 295 675 salicum
306 627 410 682 frondes,
421 619 549 680 ulvamque
560 616 695 680 palustrem,

46 697 94 741 Sed
106 697 228 742 frumental
239 709 311 740 manu
321 709 401 753 carpes
411 690 475 750 sata:
495 703 538 736 nec
550 685 593 733 tibi
605 687 691 742 foetae,

46 764 120 809 More
131 768 236 822 patrum,
249 759 317 810 nivea
328 757 462 820 implebunt
473 749 605 802 multitalia
616 761 712 807 vaccae,

50 829 96 878 Sed
108 836 162 876 tota
173 827 198 874 in
209 824 288 876 dulces
298 826 438 876 consument
448 824 520 871 ubera
532 829 610 867 natos.

81 895 124 942 Sin
134 895 166 942 ad
177 891 237 942 bella
246 895 322 956 magis
334 891 445 946 lludium,
457 886 592 946 turmasque
603 886 700 941 seroces,

49 965 104 1010 Aut
113 957 211 1021 Alphea
222 960 282 1008 rotis
292 956 397 1020 praelabi
407 954 506 1002 flumina
515 952 590 1010 Pisae,

49 1031 84 1075 Et
95 1027 160 1092 Jovis
171 1027 196 1074 ih
207 1023 262 1076 luco
273 1041 354 1074 currus
364 1023 454 1085 agitare
463 1017 585 1076 volantes3

49 1095 145 1142 Primus
154 1093 209 1154 equi
221 1091 288 1141 labor
298 1091 340 1152 est,
353 1091 444 1140 animos
455 1097 528 1149 atque
540 1099 607 1144 arma
619 1083 697 1148 videre

49 1158 194 1219 Bellantum,
209 1157 325 1221 lituosque
336 1159 397 1220 pati,
408 1157 532 1215 tractuque
541 1161 681 1216 ,gementem
722 1201 724 1210 ,

51 1229 122 1274 Ferre
130 1237 219 1286 rotam,
231 1236 256 1276 et
265 1224 356 1276 stabulo
367 1227 461 1273 fraenos
473 1221 552 1270 audire
563 1221 685 1276 sonantem

48 1294 117 1340 Tum
129 1294 203 1354 magis
214 1303 287 1356 atque
300 1289 375 1354 magis
383 1289 477 1340 blandis
486 1289 585 1350 gaudere
594 1281 699 1346 magistri

47 1360 182 1418 Laudibus,
195 1370 220 1408 et
231 1357 324 1420 plausae
334 1357 438 1407 sonitum
449 1355 544 1418 cervieis
554 1369 650 1414 amare.¹

46 1430 138 1486 Atque
148 1425 207 1473 haee
217 1426 267 1486 iam
278 1427 357 1484 primo
368 1422 477 1485 depulsus
488 1423 518 1468 ab
527 1423 597 1468 ubere
608 1419 697 1472 matris,

47 1492 162 1545 Audiam
181 1490 256 1548 inque
267 1491 342 1536 vicem
353 1493 392 1538 det
405 1487 516 1535 mollibus
526 1501 569 1532 ora
580 1483 685 1544 capistris

46 1556 184 1614 Invalidus,
197 1554 318 1614 etiamque
329 1563 442 1610 tremens,
455 1553 528 1599 etiam
538 1551 622 1598 inscius
633 1548 693 1595 aevi.

47 1629 88 1674 At
100 1624 179 1673 tribus
191 1620 289 1677 errastis,
303 1620 343 1667 ubi
355 1629 440 1680 quarta
451 1613 568 1666 accellerit
579 1612 661 1672 aestas,
756 1655 767 1678 ·

50 1695 153 1752 Carpere
164 1705 224 1738 mox
236 1702 322 1748 gyrum
334 1686 443 1747 incipiat,
456 1683 611 1746 gradibusque
622 1681 703 1728 sonare

49 1753 205 1816 Compositis,
217 1752 340 1815 sinuetque
352 1751 444 1808 alterna
456 1749 577 1804 volumina
589 1763 684 1800 crurum
694 1763 701 1795 r
749 1790 750 1794 ,

50 1825 135 1884 Sitque
145 1821 264 1871 laboranti
274 1819 364 1870 similis.
384 1822 449 1870 Tum
461 1817 563 1868 cursrbus
574 1831 642 1866 auras

1 1915 2 1920 =
49 1892 179 1948 Provoeet3
198 1905 226 1937 ac
238 1898 372 1950 peraperta
383 1886 476 1947 volans,
491 1902 533 1934 ceu
543 1883 602 1933 liber
613 1883 721 1944 habenis,

48 1959 175 2017 Aequora,
186 1956 230 2011 sire
240 1955 332 2002 summa
342 1953 437 2014 vestigia
449 1963 525 2014 ponat
536 1968 613 2000 arena.

49 2019 136 2088 Qualis
144 2020 305 2084 Hyperboreis
314 2019 407 2080 Aqullp
419 2037 474 2070 curn
485 2018 569 2066 densus
580 2021 609 2066 ab
621 2019 670 2064 oris

49 2090 171 2150 Incubuit,
184 2087 343 2150 Scythiaeque
355 2087 444 2138 hiemes
456 2095 529 2146 atque
540 2084 605 2134 arida
616 2081 695 2131 differt

48 2154 155 2206 Nubila:
174 2166 226 2216 tum
235 2155 329 2216 segetes.
337 2151 409 2213 altae,
423 2153 548 2216 eamplque
559 2160 671 2200 natantes

49 2225 158 2272 Lenibus
169 2221 304 2274 horrescunt
316 2222 407 2281 flabris;
427 2221 578 2281 summaeque
588 2219 699 2266 sonorem

50 2294 122 2340 Dant
133 2290 211 2350 savae,
225 2289 336 2352 longique
347 2298 434 2350 urgent
444 2287 558 2338 ad-litora
570 2284 667 2334 flustris:

52 2356 94 2406 llle
105 2355 183 2416 volat,
196 2355 264 2406 simul
275 2371 329 2406 arva
342 2361 407 2418 luga,
420 2352 488 2406 srmul
499 2369 603 2415 aequora
613 2366 714 2402 verrens.

51 2426 109 2484 Hic,
121 2424 158 2476 vel
170 2422 261 2480 adEle'i
273 2434 357 2484 metas,
370 2434 395 2472 et
407 2423 513 2474 maxima
525 2420 604 2482 campi
751 2427 752 2434 ¹

51 2493 151 2542 sudabit
163 2493 248 2554 spatia,
260 2501 285 2543 et
297 2491 390 2553 spumas
399 2500 454 2552 aget
465 2505 506 2538 ore
518 2497 639 2538 cruentas:
729 2527 749 2557 ᾖ
768 2494 772 2500 ’

49 2557 143 2624 Belgica
155 2558 191 2608 vel
203 2556 270 2611 molli
283 2557 367 2608 melius
376 2561 436 2620 seret
447 2552 522 2610 esseda
533 2553 604 2604 collo.
679 2573 680 2580 ¹
694 2597 696 2604 .
783 2593 786 2600 r

46 2630 119 2680 Tum
129 2629 226 2684 deam
237 2621 309 2682 crassa
318 2641 433 2696 maguum
445 2621 563 2686 sartagine
574 2636 658 2684 corpus
686 2621 689 2626 “
768 2623 770 2630 “
