<?xml version="1.0" encoding="UTF-8"?>
<!DOCTYPE html PUBLIC "-//W3C//DTD XHTML 1.0 Transitional//EN"
    "http://www.w3.org/TR/xhtml1/DTD/xhtml1-transitional.dtd">
<html xmlns="http://www.w3.org/1999/xhtml" xml:lang="en" lang="en">
 <head>
  <title>
</title>
<meta http-equiv="Content-Type" content="text/html;charset=utf-8" />
  <meta name='ocr-system' content='tesseract 3.04.00' />
  <meta name='ocr-capabilities' content='ocr_page ocr_carea ocr_par ocr_line ocrx_word'/>
</head>
<body>
  <div class='ocr_page' id='page_1' title='image "./bucolicageorgic03virggoog/bucolicageorgic03virggoog_0026.png"; bbox 0 0 1804 2904; ppageno 0'>
   <div class='ocr_carea' id='block_1_1' title="bbox 93 45 659 106">
    <p class='ocr_par' dir='ltr' id='par_1_1' title="bbox 93 45 659 106">
     <span class='ocr_line' id='line_1_1' title="bbox 93 45 659 106; baseline -0.002 -10"><span class='ocrx_word' id='word_1_1' title='bbox 93 57 125 104; x_wconf 65' lang='lat' dir='ltr'><strong>n</strong></span> <span class='ocrx_word' id='word_1_2' title='bbox 260 45 566 94; x_wconf 62' lang='lat' dir='ltr'><strong>renouata</strong></span> <span class='ocrx_word' id='word_1_3' title='bbox 618 57 659 106; x_wconf 59' lang='grc' dir='ltr'>μ</span> 
     </span>
    </p>
   </div>
   <div class='ocr_carea' id='block_1_2' title="bbox 59 149 844 1214">
    <p class='ocr_par' dir='ltr' id='par_1_2' title="bbox 59 149 844 1214">
     <span class='ocr_line' id='line_1_2' title="bbox 92 149 676 211; baseline -0.007 -9"><span class='ocrx_word' id='word_1_4' title='bbox 92 153 219 202; x_wconf 84' lang='lat' dir='ltr'><strong>Cantando</strong></span> <span class='ocrx_word' id='word_1_5' title='bbox 232 165 329 211; x_wconf 87' lang='lat' dir='ltr'><strong>puerum</strong></span> <span class='ocrx_word' id='word_1_6' title='bbox 342 149 440 198; x_wconf 88' lang='lat' dir='ltr'><strong>memini</strong></span> <span class='ocrx_word' id='word_1_7' title='bbox 453 165 490 198; x_wconf 89' lang='lat' dir='ltr'><strong>me</strong></span> <span class='ocrx_word' id='word_1_8' title='bbox 501 152 601 199; x_wconf 85' lang='lat' dir='ltr'><strong>condere</strong></span> <span class='ocrx_word' id='word_1_9' title='bbox 612 149 676 200; x_wconf 73' lang='lat' dir='ltr'><strong>solea.</strong></span> 
     </span>
     <span class='ocr_line' id='line_1_3' title="bbox 68 216 783 280; baseline 0.001 -15"><span class='ocrx_word' id='word_1_10' title='bbox 68 260 71 265; x_wconf 95' lang='lat'>.</span> <span class='ocrx_word' id='word_1_11' title='bbox 89 223 162 268; x_wconf 79' lang='lat' dir='ltr'><strong>Nune</strong></span> <span class='ocrx_word' id='word_1_12' title='bbox 173 216 248 266; x_wconf 88' lang='lat' dir='ltr'><strong>oblita</strong></span> <span class='ocrx_word' id='word_1_13' title='bbox 260 217 319 266; x_wconf 91' lang='lat' dir='ltr'><strong>mihi</strong></span> <span class='ocrx_word' id='word_1_14' title='bbox 327 227 366 266; x_wconf 88' lang='lat' dir='ltr'><strong>tot</strong></span> <span class='ocrx_word' id='word_1_15' title='bbox 377 216 494 264; x_wconf 88' lang='lat' dir='ltr'><strong>carmina:</strong></span> <span class='ocrx_word' id='word_1_16' title='bbox 514 235 562 265; x_wconf 86' lang='lat' dir='ltr'><strong>vox</strong></span> <span class='ocrx_word' id='word_1_17' title='bbox 574 235 668 280; x_wconf 85' lang='lat' dir='ltr'><strong>quoque</strong></span> <span class='ocrx_word' id='word_1_18' title='bbox 677 219 783 268; x_wconf 85' lang='lat' dir='ltr'><strong>Moerim</strong></span> 
     </span>
     <span class='ocr_line' id='line_1_4' title="bbox 90 279 672 350; baseline -0.003 -16"><span class='ocrx_word' id='word_1_19' title='bbox 90 289 146 350; x_wconf 90' lang='lat' dir='ltr'><strong>Jam</strong></span> <span class='ocrx_word' id='word_1_20' title='bbox 158 286 219 346; x_wconf 83' lang='lat' dir='ltr'><strong>fugit</strong></span> <span class='ocrx_word' id='word_1_21' title='bbox 230 283 292 346; x_wconf 78' lang='lat' dir='ltr'><strong>ipsa:</strong></span> <span class='ocrx_word' id='word_1_22' title='bbox 312 279 362 342; x_wconf 87' lang='lat' dir='ltr'><strong>lupi</strong></span> <span class='ocrx_word' id='word_1_23' title='bbox 374 283 477 330; x_wconf 90' lang='lat' dir='ltr'><strong>Moerim</strong></span> <span class='ocrx_word' id='word_1_24' title='bbox 488 284 566 332; x_wconf 85' lang='lat' dir='ltr'><strong>videre</strong></span> <span class='ocrx_word' id='word_1_25' title='bbox 577 285 672 346; x_wconf 80' lang='lat' dir='ltr'>priores.</span> 
     </span>
     <span class='ocr_line' id='line_1_5' title="bbox 89 349 804 412; baseline -0.003 -10"><span class='ocrx_word' id='word_1_26' title='bbox 89 355 136 402; x_wconf 87' lang='lat' dir='ltr'><strong>Sed</strong></span> <span class='ocrx_word' id='word_1_27' title='bbox 147 363 228 402; x_wconf 84' lang='lat' dir='ltr'><strong>tamen</strong></span> <span class='ocrx_word' id='word_1_28' title='bbox 241 349 282 398; x_wconf 85' lang='lat' dir='ltr'><strong>ista</strong></span> <span class='ocrx_word' id='word_1_29' title='bbox 293 350 347 397; x_wconf 85' lang='lat' dir='ltr'><strong>satis</strong></span> <span class='ocrx_word' id='word_1_30' title='bbox 358 351 442 397; x_wconf 82' lang='lat' dir='ltr'><strong>referet</strong></span> <span class='ocrx_word' id='word_1_31' title='bbox 453 350 497 399; x_wconf 84' lang='lat' dir='ltr'><strong>tibi</strong></span> <span class='ocrx_word' id='word_1_32' title='bbox 509 351 574 412; x_wconf 81' lang='lat' dir='ltr'>saepe</span> <span class='ocrx_word' id='word_1_33' title='bbox 586 351 727 402; x_wconf 62' lang='lat' dir='ltr'><strong>Menalcas:</strong></span> <span class='ocrx_word' id='word_1_34' title='bbox 796 367 804 371; x_wconf 84' lang='lat'><strong>·</strong></span> 
     </span>
     <span class='ocr_line' id='line_1_6' title="bbox 89 413 753 478; baseline -0.002 -10"><span class='ocrx_word' id='word_1_35' title='bbox 89 435 113 469; x_wconf 86' lang='lat' dir='ltr'><strong>n.</strong></span> <span class='ocrx_word' id='word_1_36' title='bbox 126 421 249 469; x_wconf 84' lang='lat' dir='ltr'>Causando</span> <span class='ocrx_word' id='word_1_37' title='bbox 258 413 348 464; x_wconf 83' lang='lat' dir='ltr'><strong>nostros</strong></span> <span class='ocrx_word' id='word_1_38' title='bbox 357 417 382 462; x_wconf 84' lang='lat' dir='ltr'><strong>in</strong></span> <span class='ocrx_word' id='word_1_39' title='bbox 395 413 492 478; x_wconf 81' lang='lat' dir='ltr'><strong>longum</strong></span> <span class='ocrx_word' id='word_1_40' title='bbox 501 419 567 466; x_wconf 79' lang='lat' dir='ltr'><strong>ducis</strong></span> <span class='ocrx_word' id='word_1_41' title='bbox 577 433 680 468; x_wconf 64' lang='lat' dir='ltr'><strong>amoma</strong></span> <span class='ocrx_word' id='word_1_42' title='bbox 748 425 753 430; x_wconf 83' lang='grc'><strong>’</strong></span> 
     </span>
     <span class='ocr_line' id='line_1_7' title="bbox 87 475 749 547; baseline -0.003 -11"><span class='ocrx_word' id='word_1_43' title='bbox 87 490 122 537; x_wconf 88' lang='lat' dir='ltr'><strong>Et</strong></span> <span class='ocrx_word' id='word_1_44' title='bbox 132 499 273 537; x_wconf 81' lang='lat' dir='ltr'><strong>nuneomue</strong></span> <span class='ocrx_word' id='word_1_45' title='bbox 282 482 327 530; x_wconf 89' lang='lat' dir='ltr'><strong>tibi</strong></span> <span class='ocrx_word' id='word_1_46' title='bbox 339 475 437 530; x_wconf 80' lang='lat' dir='ltr'><strong>stratum</strong></span> <span class='ocrx_word' id='word_1_47' title='bbox 449 482 501 535; x_wconf 74' lang='lat' dir='ltr'><strong>silet</strong></span> <span class='ocrx_word' id='word_1_48' title='bbox 512 502 611 547; x_wconf 77' lang='lat' dir='ltr'><strong>aequor3</strong></span> <span class='ocrx_word' id='word_1_49' title='bbox 632 495 655 535; x_wconf 79' lang='lat' dir='ltr'><strong>ct</strong></span> <span class='ocrx_word' id='word_1_50' title='bbox 667 503 749 545; x_wconf 71' lang='lat' dir='ltr'><strong>omnes</strong></span> 
     </span>
     <span class='ocr_line' id='line_1_8' title="bbox 89 547 747 620; baseline 0.003 -20"><span class='ocrx_word' id='word_1_51' title='bbox 89 553 200 620; x_wconf 69' lang='lat' dir='ltr'><strong>(Aspice)</strong></span> <span class='ocrx_word' id='word_1_52' title='bbox 212 547 301 598; x_wconf 82' lang='lat' dir='ltr'><strong>ventosr</strong></span> <span class='ocrx_word' id='word_1_53' title='bbox 313 551 446 599; x_wconf 75' lang='lat' dir='ltr'><strong>ceciderunt</strong></span> <span class='ocrx_word' id='word_1_54' title='bbox 459 554 585 601; x_wconf 87' lang='lat' dir='ltr'><strong>murmuris</strong></span> <span class='ocrx_word' id='word_1_55' title='bbox 596 569 672 602; x_wconf 87' lang='lat' dir='ltr'><strong>aurae.</strong></span> <span class='ocrx_word' id='word_1_56' title='bbox 744 603 747 609; x_wconf 77' lang='grc'><strong>,</strong></span> 
     </span>
     <span class='ocr_line' id='line_1_9' title="bbox 87 615 844 682; baseline -0.007 -11"><span class='ocrx_word' id='word_1_57' title='bbox 87 624 152 671; x_wconf 87' lang='lat' dir='ltr'><strong>Hinc</strong></span> <span class='ocrx_word' id='word_1_58' title='bbox 163 621 220 666; x_wconf 88' lang='lat' dir='ltr'><strong>adeo</strong></span> <span class='ocrx_word' id='word_1_59' title='bbox 232 617 310 664; x_wconf 79' lang='lat' dir='ltr'><strong>media</strong></span> <span class='ocrx_word' id='word_1_60' title='bbox 320 615 353 664; x_wconf 89' lang='lat' dir='ltr'><strong>est</strong></span> <span class='ocrx_word' id='word_1_61' title='bbox 365 619 434 665; x_wconf 81' lang='lat' dir='ltr'><strong>nobis</strong></span> <span class='ocrx_word' id='word_1_62' title='bbox 445 619 494 677; x_wconf 83' lang='lat' dir='ltr'><strong>via;</strong></span> <span class='ocrx_word' id='word_1_63' title='bbox 514 618 759 682; x_wconf 62' lang='lat' dir='ltr'><strong>namque‘sepulerum</strong></span> <span class='ocrx_word' id='word_1_64' title='bbox 833 636 844 648; x_wconf 60' lang='lat'>³</span> 
     </span>
     <span class='ocr_line' id='line_1_10' title="bbox 59 683 646 748; baseline -0.007 -10"><span class='ocrx_word' id='word_1_65' title='bbox 59 699 62 704; x_wconf 88' lang='grc'><em>“</em></span> <span class='ocrx_word' id='word_1_66' title='bbox 90 687 177 748; x_wconf 79' lang='lat' dir='ltr'><strong>Incipit</strong></span> <span class='ocrx_word' id='word_1_67' title='bbox 189 700 300 746; x_wconf 87' lang='lat' dir='ltr'><strong>apparere</strong></span> <span class='ocrx_word' id='word_1_68' title='bbox 312 685 426 732; x_wconf 76' lang='lat' dir='ltr'>Bianoris.</span> <span class='ocrx_word' id='word_1_69' title='bbox 445 683 503 744; x_wconf 78' lang='lat' dir='ltr'><strong>Hic,</strong></span> <span class='ocrx_word' id='word_1_70' title='bbox 515 688 557 734; x_wconf 86' lang='lat' dir='ltr'><strong>ubi</strong></span> <span class='ocrx_word' id='word_1_71' title='bbox 563 688 646 734; x_wconf 74' lang='lat' dir='ltr'><strong>densas</strong></span> 
     </span>
     <span class='ocr_line' id='line_1_11' title="bbox 86 750 754 816; baseline -0.006 -12"><span class='ocrx_word' id='word_1_72' title='bbox 86 750 214 816; x_wconf 80' lang='lat' dir='ltr'>Agricolae</span> <span class='ocrx_word' id='word_1_73' title='bbox 225 751 342 814; x_wconf 78' lang='lat' dir='ltr'><strong>stringunt</strong></span> <span class='ocrx_word' id='word_1_74' title='bbox 351 753 454 810; x_wconf 83' lang='lat' dir='ltr'><strong>frondes,</strong></span> <span class='ocrx_word' id='word_1_75' title='bbox 467 751 517 811; x_wconf 83' lang='lat' dir='ltr'><strong>hle,</strong></span> <span class='ocrx_word' id='word_1_76' title='bbox 530 755 617 811; x_wconf 85' lang='lat' dir='ltr'><strong>Moeri,</strong></span> <span class='ocrx_word' id='word_1_77' title='bbox 630 769 754 802; x_wconf 75' lang='lat' dir='ltr'><strong>canamus:</strong></span> 
     </span>
     <span class='ocr_line' id='line_1_12' title="bbox 85 819 715 878; baseline -0.005 -8"><span class='ocrx_word' id='word_1_78' title='bbox 85 819 135 871; x_wconf 81' lang='lat' dir='ltr'><strong>Htc</strong></span> <span class='ocrx_word' id='word_1_79' title='bbox 147 819 233 868; x_wconf 85' lang='lat' dir='ltr'><strong>haedos</strong></span> <span class='ocrx_word' id='word_1_80' title='bbox 245 819 348 878; x_wconf 87' lang='lat' dir='ltr'><strong>depone;</strong></span> <span class='ocrx_word' id='word_1_81' title='bbox 364 827 446 865; x_wconf 84' lang='lat' dir='ltr'><strong>tamen</strong></span> <span class='ocrx_word' id='word_1_82' title='bbox 458 820 578 868; x_wconf 84' lang='lat' dir='ltr'>veniemus</span> <span class='ocrx_word' id='word_1_83' title='bbox 589 821 614 866; x_wconf 90' lang='lat' dir='ltr'><strong>in</strong></span> <span class='ocrx_word' id='word_1_84' title='bbox 625 823 715 867; x_wconf 84' lang='lat' dir='ltr'><strong>urbem.</strong></span> 
     </span>
     <span class='ocr_line' id='line_1_13' title="bbox 85 881 717 946; baseline -0.006 -11"><span class='ocrx_word' id='word_1_85' title='bbox 85 893 148 945; x_wconf 89' lang='lat' dir='ltr'><strong>Aut,</strong></span> <span class='ocrx_word' id='word_1_86' title='bbox 162 884 187 944; x_wconf 84' lang='lat' dir='ltr'><strong>lr,</strong></span> <span class='ocrx_word' id='word_1_87' title='bbox 200 899 250 933; x_wconf 83' lang='lat' dir='ltr'><strong>uox</strong></span> <span class='ocrx_word' id='word_1_88' title='bbox 261 883 366 946; x_wconf 80' lang='lat' dir='ltr'>pluviam</span> <span class='ocrx_word' id='word_1_89' title='bbox 378 901 407 931; x_wconf 89' lang='lat' dir='ltr'><strong>ue</strong></span> <span class='ocrx_word' id='word_1_90' title='bbox 418 882 514 946; x_wconf 79' lang='lat' dir='ltr'><strong>colligat</strong></span> <span class='ocrx_word' id='word_1_91' title='bbox 526 895 589 943; x_wconf 87' lang='lat' dir='ltr'><strong>ante,</strong></span> <span class='ocrx_word' id='word_1_92' title='bbox 602 881 717 942; x_wconf 79' lang='lat' dir='ltr'><strong>veremur,</strong></span> 
     </span>
     <span class='ocr_line' id='line_1_14' title="bbox 86 951 737 1014; baseline -0.006 -12"><span class='ocrx_word' id='word_1_93' title='bbox 86 958 218 1002; x_wconf 72' lang='lat' dir='ltr'><strong>Cantantes</strong></span> <span class='ocrx_word' id='word_1_94' title='bbox 230 951 283 1003; x_wconf 82' lang='lat' dir='ltr'><strong>lieet</strong></span> <span class='ocrx_word' id='word_1_95' title='bbox 295 952 367 1014; x_wconf 86' lang='lat' dir='ltr'><strong>usque</strong></span> <span class='ocrx_word' id='word_1_96' title='bbox 380 952 472 1014; x_wconf 86' lang='lat' dir='ltr'><strong>(minus</strong></span> <span class='ocrx_word' id='word_1_97' title='bbox 482 953 521 1000; x_wconf 84' lang='lat' dir='ltr'><strong>via</strong></span> <span class='ocrx_word' id='word_1_98' title='bbox 532 951 621 1014; x_wconf 83' lang='lat' dir='ltr'><strong>laedat)</strong></span> <span class='ocrx_word' id='word_1_99' title='bbox 637 964 723 1000; x_wconf 82' lang='lat' dir='ltr'><strong>eamus.</strong></span> <span class='ocrx_word' id='word_1_100' title='bbox 736 969 737 972; x_wconf 45' lang='lat'>¹</span> 
     </span>
     <span class='ocr_line' id='line_1_15' title="bbox 86 1018 676 1080; baseline -0.005 -11"><span class='ocrx_word' id='word_1_101' title='bbox 86 1021 219 1070; x_wconf 76' lang='lat' dir='ltr'><strong>Cantantes</strong></span> <span class='ocrx_word' id='word_1_102' title='bbox 229 1030 257 1068; x_wconf 90' lang='lat' dir='ltr'><strong>ut</strong></span> <span class='ocrx_word' id='word_1_103' title='bbox 268 1035 358 1077; x_wconf 82' lang='lat' dir='ltr'><strong>eamus,</strong></span> <span class='ocrx_word' id='word_1_104' title='bbox 370 1035 413 1080; x_wconf 79' lang='lat' dir='ltr'><strong>ego</strong></span> <span class='ocrx_word' id='word_1_105' title='bbox 425 1019 470 1066; x_wconf 88' lang='lat' dir='ltr'><strong>hoc</strong></span> <span class='ocrx_word' id='word_1_106' title='bbox 481 1029 505 1068; x_wconf 90' lang='lat' dir='ltr'><strong>te</strong></span> <span class='ocrx_word' id='word_1_107' title='bbox 516 1020 576 1068; x_wconf 84' lang='lat' dir='ltr'><strong>fasce</strong></span> <span class='ocrx_word' id='word_1_108' title='bbox 587 1018 676 1066; x_wconf 79' lang='lat' dir='ltr'><strong>levabo.</strong></span> 
     </span>
     <span class='ocr_line' id='line_1_16' title="bbox 88 1083 790 1152; baseline -0.003 -18"><span class='ocrx_word' id='word_1_109' title='bbox 88 1102 119 1134; x_wconf 76' lang='lat' dir='ltr'><strong>aa.</strong></span> <span class='ocrx_word' id='word_1_110' title='bbox 129 1086 216 1135; x_wconf 80' lang='lat' dir='ltr'><strong>Desine</strong></span> <span class='ocrx_word' id='word_1_111' title='bbox 225 1085 302 1152; x_wconf 87' lang='lat' dir='ltr'><strong>plura,</strong></span> <span class='ocrx_word' id='word_1_112' title='bbox 315 1101 385 1146; x_wconf 87' lang='lat' dir='ltr'><strong>puer:</strong></span> <span class='ocrx_word' id='word_1_113' title='bbox 403 1095 437 1140; x_wconf 85' lang='lat' dir='ltr'><strong>et,</strong></span> <span class='ocrx_word' id='word_1_114' title='bbox 450 1087 516 1144; x_wconf 84' lang='lat' dir='ltr'><strong>quod</strong></span> <span class='ocrx_word' id='word_1_115' title='bbox 526 1101 589 1132; x_wconf 89' lang='lat' dir='ltr'><strong>nunc</strong></span> <span class='ocrx_word' id='word_1_116' title='bbox 601 1083 672 1134; x_wconf 81' lang='lat' dir='ltr'><strong>instat</strong></span> <span class='ocrx_word' id='word_1_117' title='bbox 684 1098 790 1144; x_wconf 79' lang='lat' dir='ltr'><strong>agamus.</strong></span> 
     </span>
     <span class='ocr_line' id='line_1_17' title="bbox 87 1151 736 1214; baseline -0.003 -12"><span class='ocrx_word' id='word_1_118' title='bbox 87 1154 201 1204; x_wconf 80' lang='lat' dir='ltr'><strong>Carmina</strong></span> <span class='ocrx_word' id='word_1_119' title='bbox 212 1164 265 1202; x_wconf 87' lang='lat' dir='ltr'><strong>tum</strong></span> <span class='ocrx_word' id='word_1_120' title='bbox 277 1151 368 1208; x_wconf 70' lang='lat' dir='ltr'><strong>melina,</strong></span> <span class='ocrx_word' id='word_1_121' title='bbox 381 1165 435 1196; x_wconf 89' lang='lat' dir='ltr'><strong>cum</strong></span> <span class='ocrx_word' id='word_1_122' title='bbox 445 1151 536 1200; x_wconf 81' lang='lat' dir='ltr'><strong>venerit</strong></span> <span class='ocrx_word' id='word_1_123' title='bbox 548 1151 605 1214; x_wconf 81' lang='lat' dir='ltr'><strong>ipse,</strong></span> <span class='ocrx_word' id='word_1_124' title='bbox 616 1167 736 1200; x_wconf 67' lang='lat' dir='ltr'><strong>canemus.</strong></span> 
     </span>
    </p>
   </div>
   <div class='ocr_carea' id='block_1_3' title="bbox 152 1321 707 1500">
    <p class='ocr_par' dir='ltr' id='par_1_3' title="bbox 152 1321 707 1500">
     <span class='ocr_line' id='line_1_18' title="bbox 152 1321 707 1383; baseline -0.007 -11"><span class='ocrx_word' id='word_1_125' title='bbox 152 1374 157 1383; x_wconf 65' lang='grc'>,</span> <span class='ocrx_word' id='word_1_126' title='bbox 206 1323 434 1370; x_wconf 88' lang='lat' dir='ltr'>ECLOGA</span> <span class='ocrx_word' id='word_1_127' title='bbox 472 1321 707 1369; x_wconf 87' lang='lat' dir='ltr'>DECIMA.</span> 
     </span>
     <span class='ocr_line' id='line_1_19' title="bbox 341 1423 576 1500; baseline -0.004 -30"><span class='ocrx_word' id='word_1_128' title='bbox 341 1423 576 1500; x_wconf 18' lang='lat' dir='ltr'>GALVLUS.</span> 
     </span>
    </p>
   </div>
   <div class='ocr_carea' id='block_1_4' title="bbox 85 1515 885 1659">
    <p class='ocr_par' dir='ltr' id='par_1_4' title="bbox 85 1515 885 1659">
     <span class='ocr_line' id='line_1_20' title="bbox 85 1515 885 1659; baseline -0.014 -79"><span class='ocrx_word' id='word_1_129' title='bbox 85 1531 157 1580; x_wconf 79' lang='lat' dir='ltr'><strong>Aac.</strong></span> <span class='ocrx_word' id='word_1_130' title='bbox 177 1527 270 1576; x_wconf 84' lang='lat' dir='ltr'><strong>Gallum</strong></span> <span class='ocrx_word' id='word_1_131' title='bbox 279 1534 343 1592; x_wconf 82' lang='lat' dir='ltr'><strong>poeta</strong></span> <span class='ocrx_word' id='word_1_132' title='bbox 356 1523 556 1659; x_wconf 49' lang='lat' dir='ltr'><strong>dehumisslamiaea</strong></span> <span class='ocrx_word' id='word_1_133' title='bbox 569 1539 633 1590; x_wconf 77' lang='lat' dir='ltr'><strong>quam</strong></span> <span class='ocrx_word' id='word_1_134' title='bbox 643 1523 754 1572; x_wconf 77' lang='lat' dir='ltr'><em>immodice</em></span> <span class='ocrx_word' id='word_1_135' title='bbox 765 1539 829 1571; x_wconf 83' lang='lat' dir='ltr'><strong>ama·</strong></span> <span class='ocrx_word' id='word_1_136' title='bbox 884 1515 885 1554; x_wconf 61' lang='grc' dir='ltr'><strong>ἶ</strong></span> 
     </span>
     <span class='ocr_line' id='line_1_21' title="bbox 396 1601 534 1654; baseline -0.007 -12"><span class='ocrx_word' id='word_1_137' title='bbox 396 1601 427 1654; x_wconf 75' lang='lat' dir='ltr'><strong>at,</strong></span> <span class='ocrx_word' id='word_1_138' title='bbox 476 1604 534 1644; x_wconf 81' lang='lat' dir='ltr'><strong>atur.</strong></span> 
     </span>
    </p>
   </div>
   <div class='ocr_carea' id='block_1_5' title="bbox 86 1689 826 1756">
    <p class='ocr_par' dir='ltr' id='par_1_5' title="bbox 86 1673 885 1782">
     <span class='ocr_line' id='line_1_22' title="bbox 86 1689 826 1756; baseline -0.019 -6"><span class='ocrx_word' id='word_1_139' title='bbox 86 1701 167 1750; x_wconf 81' lang='lat' dir='ltr'><strong>EXT</strong></span> <span class='ocrx_word' id='word_1_140' title='bbox 174 1701 223 1748; x_wconf 84' lang='lat' dir='ltr'><strong>RE</strong></span> <span class='ocrx_word' id='word_1_141' title='bbox 231 1701 259 1746; x_wconf 88' lang='lat' dir='ltr'>M</span> <span class='ocrx_word' id='word_1_142' title='bbox 267 1702 288 1746; x_wconf 91' lang='lat' dir='ltr'><strong>U</strong></span> <span class='ocrx_word' id='word_1_143' title='bbox 295 1701 324 1746; x_wconf 82' lang='lat' dir='ltr'>M</span> <span class='ocrx_word' id='word_1_144' title='bbox 330 1697 403 1756; x_wconf 82' lang='lat' dir='ltr'><strong>hune,</strong></span> <span class='ocrx_word' id='word_1_145' title='bbox 410 1695 538 1750; x_wconf 83' lang='lat' dir='ltr'><strong>Arethusa,</strong></span> <span class='ocrx_word' id='word_1_146' title='bbox 547 1692 606 1740; x_wconf 87' lang='lat' dir='ltr'><strong>mihi</strong></span> <span class='ocrx_word' id='word_1_147' title='bbox 611 1693 711 1738; x_wconf 83' lang='lat' dir='ltr'><strong>concede</strong></span> <span class='ocrx_word' id='word_1_148' title='bbox 716 1689 826 1738; x_wconf 83' lang='lat' dir='ltr'><strong>laborem.</strong></span> 
     </span>
    </p>
   </div>
   <div class='ocr_carea' id='block_1_6' title="bbox 85 1753 828 1880">
    <p class='ocr_par' dir='ltr' id='par_1_6' title="bbox 85 1753 828 1880">
     <span class='ocr_line' id='line_1_23' title="bbox 86 1753 694 1820; baseline -0.036 -4"><span class='ocrx_word' id='word_1_149' title='bbox 86 1769 164 1816; x_wconf 85' lang='lat' dir='ltr'><strong>Pauca</strong></span> <span class='ocrx_word' id='word_1_150' title='bbox 176 1781 229 1812; x_wconf 89' lang='lat' dir='ltr'><strong>meo</strong></span> <span class='ocrx_word' id='word_1_151' title='bbox 240 1761 321 1818; x_wconf 78' lang='lat' dir='ltr'><strong>Gallo,</strong></span> <span class='ocrx_word' id='word_1_152' title='bbox 333 1765 372 1808; x_wconf 86' lang='lat' dir='ltr'><strong>sed</strong></span> <span class='ocrx_word' id='word_1_153' title='bbox 383 1777 443 1820; x_wconf 89' lang='lat' dir='ltr'><strong>quae</strong></span> <span class='ocrx_word' id='word_1_154' title='bbox 453 1759 516 1814; x_wconf 81' lang='lat' dir='ltr'><strong>legat</strong></span> <span class='ocrx_word' id='word_1_155' title='bbox 527 1756 576 1812; x_wconf 82' lang='lat' dir='ltr'><strong>ipsa</strong></span> <span class='ocrx_word' id='word_1_156' title='bbox 583 1753 694 1810; x_wconf 68' lang='lat' dir='ltr'><strong>Lycoris,</strong></span> 
     </span>
     <span class='ocr_line' id='line_1_24' title="bbox 85 1810 828 1880; baseline -0.038 1"><span class='ocrx_word' id='word_1_157' title='bbox 85 1833 199 1880; x_wconf 82' lang='lat' dir='ltr'><strong>Carmina</strong></span> <span class='ocrx_word' id='word_1_158' title='bbox 212 1829 265 1875; x_wconf 89' lang='lat' dir='ltr'><strong>sunt</strong></span> <span class='ocrx_word' id='word_1_159' title='bbox 277 1817 389 1873; x_wconf 75' lang='lat' dir='ltr'><strong>dicenlba:</strong></span> <span class='ocrx_word' id='word_1_160' title='bbox 409 1829 477 1878; x_wconf 81' lang='lat' dir='ltr'><strong>neget</strong></span> <span class='ocrx_word' id='word_1_161' title='bbox 489 1818 541 1876; x_wconf 87' lang='lat' dir='ltr'><strong>quis</strong></span> <span class='ocrx_word' id='word_1_162' title='bbox 552 1815 657 1863; x_wconf 89' lang='lat' dir='ltr'><strong>carmina</strong></span> <span class='ocrx_word' id='word_1_163' title='bbox 670 1815 759 1866; x_wconf 67' lang='lat' dir='ltr'><strong>Gallo?</strong></span> <span class='ocrx_word' id='word_1_164' title='bbox 824 1810 828 1827; x_wconf 94' lang='lat'>&#39;</span> 
     </span>
    </p>
   </div>
   <div class='ocr_carea' id='block_1_7' title="bbox 60 1879 740 2754">
    <p class='ocr_par' dir='ltr' id='par_1_7' title="bbox 87 1879 667 2090">
     <span class='ocr_line' id='line_1_25' title="bbox 87 1879 634 1951; baseline -0.033 -5"><span class='ocrx_word' id='word_1_165' title='bbox 87 1899 126 1947; x_wconf 74' lang='lat' dir='ltr'><strong>ste</strong></span> <span class='ocrx_word' id='word_1_166' title='bbox 137 1895 190 1951; x_wconf 89' lang='lat' dir='ltr'><strong>tibi,</strong></span> <span class='ocrx_word' id='word_1_167' title='bbox 204 1908 258 1941; x_wconf 75' lang='lat' dir='ltr'><strong>arun</strong></span> <span class='ocrx_word' id='word_1_168' title='bbox 271 1891 351 1936; x_wconf 79' lang='lat' dir='ltr'><strong>tluttus</strong></span> <span class='ocrx_word' id='word_1_169' title='bbox 362 1881 517 1932; x_wconf 81' lang='lat' dir='ltr'><strong>subterlabere</strong></span> <span class='ocrx_word' id='word_1_170' title='bbox 529 1879 634 1940; x_wconf 83' lang='lat' dir='ltr'><strong>Sicanos,</strong></span> 
     </span>
     <span class='ocr_line' id='line_1_26' title="bbox 87 1945 667 2012; baseline -0.024 0"><span class='ocrx_word' id='word_1_171' title='bbox 87 1962 162 2012; x_wconf 85' lang='lat' dir='ltr'><strong>Doris</strong></span> <span class='ocrx_word' id='word_1_172' title='bbox 172 1967 252 2008; x_wconf 80' lang='lat' dir='ltr'><strong>amara</strong></span> <span class='ocrx_word' id='word_1_173' title='bbox 264 1955 328 2002; x_wconf 84' lang='lat' dir='ltr'><strong>suam</strong></span> <span class='ocrx_word' id='word_1_174' title='bbox 341 1967 389 2000; x_wconf 89' lang='lat' dir='ltr'><strong>non</strong></span> <span class='ocrx_word' id='word_1_175' title='bbox 399 1945 555 2006; x_wconf 82' lang='lat' dir='ltr'><strong>intermisceat</strong></span> <span class='ocrx_word' id='word_1_176' title='bbox 569 1949 667 1998; x_wconf 85' lang='lat' dir='ltr'><strong>undam.</strong></span> 
     </span>
     <span class='ocr_line' id='line_1_27' title="bbox 88 2013 614 2090; baseline -0.032 -10"><span class='ocrx_word' id='word_1_177' title='bbox 88 2030 183 2090; x_wconf 82' lang='lat' dir='ltr'><strong>Incipe:</strong></span> <span class='ocrx_word' id='word_1_178' title='bbox 202 2021 313 2072; x_wconf 80' lang='lat' dir='ltr'><strong>sollicitos</strong></span> <span class='ocrx_word' id='word_1_179' title='bbox 321 2015 386 2066; x_wconf 85' lang='lat' dir='ltr'><strong>Galli</strong></span> <span class='ocrx_word' id='word_1_180' title='bbox 398 2013 502 2062; x_wconf 86' lang='lat' dir='ltr'><strong>dicamus</strong></span> <span class='ocrx_word' id='word_1_181' title='bbox 513 2031 614 2075; x_wconf 85' lang='lat' dir='ltr'><strong>amores,</strong></span> 
     </span>
    </p>

    <p class='ocr_par' dir='ltr' id='par_1_8' title="bbox 86 2079 701 2213">
     <span class='ocr_line' id='line_1_28' title="bbox 86 2079 699 2147; baseline -0.023 -1"><span class='ocrx_word' id='word_1_182' title='bbox 86 2099 155 2147; x_wconf 89' lang='lat' dir='ltr'><strong>Dum</strong></span> <span class='ocrx_word' id='word_1_183' title='bbox 166 2104 246 2142; x_wconf 89' lang='lat' dir='ltr'><strong>tenera</strong></span> <span class='ocrx_word' id='word_1_184' title='bbox 257 2085 385 2135; x_wconf 86' lang='lat' dir='ltr'><strong>attondent</strong></span> <span class='ocrx_word' id='word_1_185' title='bbox 397 2079 467 2130; x_wconf 77' lang='lat' dir='ltr'><strong>simae</strong></span> <span class='ocrx_word' id='word_1_186' title='bbox 477 2079 579 2143; x_wconf 81' lang='lat' dir='ltr'><strong>virgulta</strong></span> <span class='ocrx_word' id='word_1_187' title='bbox 589 2082 699 2144; x_wconf 84' lang='lat' dir='ltr'><strong>capellae.</strong></span> 
     </span>
     <span class='ocr_line' id='line_1_29' title="bbox 87 2149 701 2213; baseline -0.026 0"><span class='ocrx_word' id='word_1_188' title='bbox 87 2166 147 2213; x_wconf 86' lang='lat' dir='ltr'><strong>Non</strong></span> <span class='ocrx_word' id='word_1_189' title='bbox 158 2159 263 2208; x_wconf 82' lang='lat' dir='ltr'><strong>canimus</strong></span> <span class='ocrx_word' id='word_1_190' title='bbox 274 2151 361 2200; x_wconf 87' lang='lat' dir='ltr'><strong>surdis:</strong></span> <span class='ocrx_word' id='word_1_191' title='bbox 381 2149 521 2210; x_wconf 86' lang='lat' dir='ltr'><strong>respondent</strong></span> <span class='ocrx_word' id='word_1_192' title='bbox 534 2151 615 2200; x_wconf 86' lang='lat' dir='ltr'><strong>omnia</strong></span> <span class='ocrx_word' id='word_1_193' title='bbox 626 2149 701 2198; x_wconf 79' lang='lat' dir='ltr'><strong>silvae.</strong></span> 
     </span>
    </p>

    <p class='ocr_par' dir='ltr' id='par_1_9' title="bbox 60 2213 740 2754">
     <span class='ocr_line' id='line_1_30' title="bbox 60 2213 740 2295; baseline -0.022 -16"><span class='ocrx_word' id='word_1_194' title='bbox 60 2228 63 2235; x_wconf 75' lang='grc'><em>’</em></span> <span class='ocrx_word' id='word_1_195' title='bbox 89 2232 158 2295; x_wconf 84' lang='lat' dir='ltr'><strong>Qae</strong></span> <span class='ocrx_word' id='word_1_196' title='bbox 169 2237 275 2278; x_wconf 88' lang='lat' dir='ltr'><strong>nemora,</strong></span> <span class='ocrx_word' id='word_1_197' title='bbox 287 2228 329 2268; x_wconf 89' lang='lat' dir='ltr'><strong>aut</strong></span> <span class='ocrx_word' id='word_1_198' title='bbox 341 2217 381 2280; x_wconf 87' lang='lat' dir='ltr'><strong>qui</strong></span> <span class='ocrx_word' id='word_1_199' title='bbox 393 2233 436 2264; x_wconf 85' lang='lat' dir='ltr'><strong>vos</strong></span> <span class='ocrx_word' id='word_1_200' title='bbox 447 2215 518 2283; x_wconf 71' lang='lat' dir='ltr'><strong>saltus</strong></span> <span class='ocrx_word' id='word_1_201' title='bbox 529 2217 638 2274; x_wconf 86' lang='lat' dir='ltr'><strong>habuere,</strong></span> <span class='ocrx_word' id='word_1_202' title='bbox 651 2213 740 2276; x_wconf 88' lang='lat' dir='ltr'><strong>puellae</strong></span> 
     </span>
     <span class='ocr_line' id='line_1_31' title="bbox 87 2280 675 2360; baseline -0.029 -14"><span class='ocrx_word' id='word_1_203' title='bbox 87 2295 203 2351; x_wconf 77' lang='lat' dir='ltr'><strong>Naiadas,</strong></span> <span class='ocrx_word' id='word_1_204' title='bbox 215 2288 313 2350; x_wconf 80' lang='lat' dir='ltr'><strong>indigno</strong></span> <span class='ocrx_word' id='word_1_205' title='bbox 325 2301 382 2360; x_wconf 66' lang='lat' dir='ltr'><strong>cum</strong></span> <span class='ocrx_word' id='word_1_206' title='bbox 390 2282 473 2334; x_wconf 85' lang='lat' dir='ltr'><strong>Gallus</strong></span> <span class='ocrx_word' id='word_1_207' title='bbox 484 2280 675 2345; x_wconf 85' lang='lat' dir='ltr'><strong>amore-periret?</strong></span> 
     </span>
     <span class='ocr_line' id='line_1_32' title="bbox 87 2349 740 2418; baseline -0.018 -9"><span class='ocrx_word' id='word_1_208' title='bbox 87 2365 153 2410; x_wconf 86' lang='lat' dir='ltr'><strong>Nam</strong></span> <span class='ocrx_word' id='word_1_209' title='bbox 165 2373 242 2418; x_wconf 88' lang='lat' dir='ltr'><strong>neque</strong></span> <span class='ocrx_word' id='word_1_210' title='bbox 252 2353 353 2404; x_wconf 85' lang='lat' dir='ltr'><strong>Parnalli</strong></span> <span class='ocrx_word' id='word_1_211' title='bbox 365 2353 432 2402; x_wconf 81' lang='lat' dir='ltr'><strong>vobis</strong></span> <span class='ocrx_word' id='word_1_212' title='bbox 440 2352 505 2416; x_wconf 80' lang='lat' dir='ltr'><strong>juga,</strong></span> <span class='ocrx_word' id='word_1_213' title='bbox 518 2367 573 2400; x_wconf 87' lang='lat' dir='ltr'><strong>nam</strong></span> <span class='ocrx_word' id='word_1_214' title='bbox 585 2349 740 2411; x_wconf 72' lang='lat' dir='ltr'><strong>neque&#39;Pindi</strong></span> 
     </span>
     <span class='ocr_line' id='line_1_33' title="bbox 86 2417 697 2483; baseline -0.015 -8"><span class='ocrx_word' id='word_1_215' title='bbox 86 2425 145 2476; x_wconf 86' lang='lat' dir='ltr'><strong>Ulla</strong></span> <span class='ocrx_word' id='word_1_216' title='bbox 156 2439 248 2472; x_wconf 86' lang='lat' dir='ltr'><strong>moram</strong></span> <span class='ocrx_word' id='word_1_217' title='bbox 261 2422 343 2482; x_wconf 69' lang='lat' dir='ltr'><strong>lettre,</strong></span> <span class='ocrx_word' id='word_1_218' title='bbox 357 2435 432 2483; x_wconf 82' lang='lat' dir='ltr'><strong>neque</strong></span> <span class='ocrx_word' id='word_1_219' title='bbox 444 2421 538 2480; x_wconf 70' lang='lat' dir='ltr'><strong>Aoniae</strong></span> <span class='ocrx_word' id='word_1_220' title='bbox 548 2417 697 2479; x_wconf 76' lang='lat' dir='ltr'><strong>Aganippae.</strong></span> 
     </span>
     <span class='ocr_line' id='line_1_34' title="bbox 89 2485 689 2551; baseline -0.015 -11"><span class='ocrx_word' id='word_1_221' title='bbox 89 2490 161 2540; x_wconf 84' lang='lat' dir='ltr'><strong>Illum</strong></span> <span class='ocrx_word' id='word_1_222' title='bbox 172 2490 245 2540; x_wconf 84' lang='lat' dir='ltr'><strong>etlam</strong></span> <span class='ocrx_word' id='word_1_223' title='bbox 258 2487 325 2551; x_wconf 86' lang='lat' dir='ltr'><strong>lauri,</strong></span> <span class='ocrx_word' id='word_1_224' title='bbox 338 2489 411 2538; x_wconf 88' lang='lat' dir='ltr'><strong>etiam</strong></span> <span class='ocrx_word' id='word_1_225' title='bbox 423 2489 504 2536; x_wconf 81' lang='lat' dir='ltr'><strong>flevere</strong></span> <span class='ocrx_word' id='word_1_226' title='bbox 516 2485 631 2547; x_wconf 85' lang='lat' dir='ltr'><strong>myricae:</strong></span> <span class='ocrx_word' id='word_1_227' title='bbox 686 2485 689 2490; x_wconf 88' lang='lat'>&#39;</span> 
     </span>
     <span class='ocr_line' id='line_1_35' title="bbox 87 2553 651 2616; baseline -0.009 -11"><span class='ocrx_word' id='word_1_228' title='bbox 87 2557 180 2607; x_wconf 83' lang='lat' dir='ltr'><strong>Pinifer</strong></span> <span class='ocrx_word' id='word_1_229' title='bbox 191 2557 259 2608; x_wconf 87' lang='lat' dir='ltr'><strong>illum</strong></span> <span class='ocrx_word' id='word_1_230' title='bbox 270 2559 342 2608; x_wconf 86' lang='lat' dir='ltr'><strong>etiam</strong></span> <span class='ocrx_word' id='word_1_231' title='bbox 355 2556 402 2616; x_wconf 76' lang='lat' dir='ltr'><strong>sula</strong></span> <span class='ocrx_word' id='word_1_232' title='bbox 414 2555 455 2603; x_wconf 90' lang='lat' dir='ltr'><strong>sub</strong></span> <span class='ocrx_word' id='word_1_233' title='bbox 467 2570 524 2615; x_wconf 89' lang='lat' dir='ltr'><strong>rupe</strong></span> <span class='ocrx_word' id='word_1_234' title='bbox 532 2553 651 2615; x_wconf 80' lang='lat' dir='ltr'><strong>jacentem</strong></span> 
     </span>
     <span class='ocr_line' id='line_1_36' title="bbox 89 2619 635 2689; baseline -0.009 -18"><span class='ocrx_word' id='word_1_235' title='bbox 89 2624 223 2688; x_wconf 80' lang='lat' dir='ltr'><strong>Maenalus,</strong></span> <span class='ocrx_word' id='word_1_236' title='bbox 237 2637 260 2676; x_wconf 86' lang='lat' dir='ltr'><strong>et</strong></span> <span class='ocrx_word' id='word_1_237' title='bbox 273 2623 342 2689; x_wconf 76' lang='lat' dir='ltr'><strong>gelidi</strong></span> <span class='ocrx_word' id='word_1_238' title='bbox 352 2626 466 2674; x_wconf 81' lang='lat' dir='ltr'><strong>fleverunt</strong></span> <span class='ocrx_word' id='word_1_239' title='bbox 477 2621 532 2668; x_wconf 82' lang='lat' dir='ltr'><strong>saxa</strong></span> <span class='ocrx_word' id='word_1_240' title='bbox 539 2619 635 2681; x_wconf 77' lang='lat' dir='ltr'><strong>Lycaei.</strong></span> 
     </span>
     <span class='ocr_line' id='line_1_37' title="bbox 88 2683 714 2754; baseline -0.016 -11"><span class='ocrx_word' id='word_1_241' title='bbox 88 2691 161 2742; x_wconf 73' lang='lat' dir='ltr'><strong>stam</strong></span> <span class='ocrx_word' id='word_1_242' title='bbox 172 2704 195 2745; x_wconf 87' lang='lat' dir='ltr'><strong>et</strong></span> <span class='ocrx_word' id='word_1_243' title='bbox 207 2711 262 2746; x_wconf 80' lang='lat' dir='ltr'><strong>oues</strong></span> <span class='ocrx_word' id='word_1_244' title='bbox 273 2695 373 2754; x_wconf 78' lang='lat' dir='ltr'><strong>ciruum3</strong></span> <span class='ocrx_word' id='word_1_245' title='bbox 392 2688 466 2744; x_wconf 81' lang='lat' dir='ltr'><strong>nostri</strong></span> <span class='ocrx_word' id='word_1_246' title='bbox 476 2701 519 2738; x_wconf 80' lang='lat' dir='ltr'><strong>nec</strong></span> <span class='ocrx_word' id='word_1_247' title='bbox 529 2687 637 2749; x_wconf 77' lang='lat' dir='ltr'><strong>poenitet</strong></span> <span class='ocrx_word' id='word_1_248' title='bbox 648 2683 714 2736; x_wconf 81' lang='lat' dir='ltr'><strong>illas:</strong></span> 
     </span>
    </p>
   </div>
   <div class='ocr_carea' id='block_1_8' title="bbox 27 2823 169 2876">
    <p class='ocr_par' dir='ltr' id='par_1_10' title="bbox 27 2823 169 2876">
     <span class='ocr_line' id='line_1_38' title="bbox 27 2823 169 2876; baseline -0.028 2"><span class='ocrx_word' id='word_1_249' title='bbox 27 2823 169 2876; x_wconf 63' lang='lat' dir='ltr'>A</span> 
     </span>
    </p>
   </div>
   <div class='ocr_carea' id='block_1_9' title="bbox 0 0 906 2904">
    <p class='ocr_par' dir='ltr' id='par_1_11' title="bbox 0 0 906 2904">
     <span class='ocr_line' id='line_1_39' title="bbox 0 0 906 2904; baseline 0 0"><span class='ocrx_word' id='word_1_250' title='bbox 0 0 906 2904; x_wconf 95' lang='lat' dir='ltr'><strong> </strong></span> 
     </span>
    </p>
   </div>
  </div>
 </body>
</html>
