1818 2914
82 47 129 108 1⁴⁶
197 53 639 104 AENEtDostrtB.1v.
689 51 731 120 96.

80 156 132 201 Nec
141 171 179 202 me
190 157 249 204 adeo
260 154 331 214 fallit,
343 156 440 206 veritam
452 165 477 201 te
487 155 581 203 moenia
594 155 682 216 nostra,

79 219 200 282 Suspesias
212 219 315 270 habuisse
326 225 409 268 domos
420 219 571 282 Carthaginis
582 221 653 270 altae.

79 291 129 350 Sed¹
135 289 188 350 quis
199 291 243 337 erit
253 285 350 335 modus?
367 296 409 336 aut
419 303 468 347 quo
480 303 543 336 nunc
555 290 683 348 certamine
694 287 780 338 tanto!
818 326 823 336 .

80 355 146 419 Qin
158 357 237 416 potius
248 370 328 416 pacem
339 363 459 401 aeternam
469 355 593 416 pastosque
601 358 752 416 Hymenaeus
815 403 820 412 ,

79 419 237 470 Exercemus?
253 420 333 478 habes,
346 429 399 468 tota
411 423 477 482 quod
488 432 567 470 mente
578 420 671 482 petisti;

79 491 159 538 Ardet
170 503 251 536 amans
262 487 337 544 Dido,
350 487 473 548 traxitque
483 485 582 547 perusia
593 489 704 536 furorem.

77 558 235 603 Communem
247 553 310 601 hunc
322 571 377 614 ergo
388 552 512 615 populum,
524 555 663 624 paribusque
674 569 782 616 regamus

78 620 210 682 Aclpiciis:
231 618 299 668 liceat
311 619 416 682 Phrygio
428 620 509 668 servire
520 622 617 680 marito,
697 618 702 624 ’

76 685 220 748 Dotalesque
231 698 286 738 tuae
293 689 381 749 Tyrios
389 685 524 748 permittere
536 689 641 738 dextrae.

76 753 125 801 Olli
139 754 220 817 (sensit
229 755 294 802 enim
306 753 414 802 simulata
423 764 502 802 mente
511 753 625 815 locutam,

77 823 132 886 Qu
144 838 241 883 regnum
254 819 334 870 ltaliae
343 821 445 882 Libycas
456 831 570 870 averteret
579 823 643 884 oras)
719 823 723 832 ’

75 891 115 936 Sic
126 899 210 938 contra
221 887 254 938 est
265 887 362 951 ingressa
372 892 464 938 Venus:
480 888 544 954 vQis
554 886 612 940 talia
623 890 719 936 demens

77 957 190 1017 Abnuat,
203 967 243 1006 aut
256 967 333 1006 tecum
347 953 415 1004 malit
427 957 568 1006 contendere
579 952 656 1002 bello?

77 1021 196 1083 simodo,
209 1027 274 1086 quod
285 1039 411 1080 uretnoras,
424 1025 511 1070 fastum
524 1025 620 1080 fortuna
628 1021 744 1082 sequatur.

78 1091 124 1137 Sed
135 1091 192 1139 satis
203 1091 374 1147 incartaseror,
387 1087 404 1134 fi
416 1091 510 1152 Jupiter
520 1105 592 1136 unam
677 1133 679 1138 ,
729 1113 733 1122 «

78 1154 131 1204 Esse
142 1156 200 1206 velit
208 1158 288 1218 Tyriis
299 1158 379 1203 urbem
392 1155 513 1216 Trojaque
522 1154 645 1215 protenta

77 1223 199 1274 Miscen've
209 1225 293 1283 probet
305 1220 416 1283 populos,
427 1231 470 1268 aut
481 1222 574 1268 foedera
582 1221 660 1283 jungi.

75 1291 116 1337 Tu
128 1291 226 1351 conjux3
242 1289 291 1336 tibi
304 1290 338 1334 sas
349 1287 453 1334 animam
466 1295 558 1334 tentare
567 1289 694 1347 precando.

77 1357 159 1416 Perge,
170 1355 259 1418 sequar.
277 1355 343 1402 Turn
354 1351 384 1402 stc
395 1353 488 1414 excepit
499 1352 564 1413 regia
571 1356 648 1416 Juno:

75 1425 172 1471 Mecum
184 1425 228 1472 erit
240 1421 280 1470 iste
290 1420 368 1470 labor:
389 1437 460 1478 nnnc,
474 1437 521 1484 qua
533 1419 633 1480 ratione,
647 1419 713 1481 quod
725 1417 808 1479 instat,

72 1488 179 1540 Conlieri
190 1489 269 1552 possit,
281 1489 361 1550 paucis
374 1489 492 1551 (adverte)
505 1488 602 1535 docebo.
820 1505 824 1510 ·

74 1560 194 1606 Venatum
205 1561 300 1605 Aeneas
310 1571 404 1617 unaque
415 1554 544 1604 miserrima
551 1554 631 1612 Dido,

77 1629 105 1675 ln
118 1641 201 1672 nemus
212 1626 244 1672 ire
256 1633 351 1685 parant,
364 1622 454 1684 primos
463 1621 504 1670 ubi
515 1619 628 1670 crastinus
639 1630 706 1670 ortus

75 1691 196 1742 Extulen't
204 1693 289 1749 Titan,
301 1689 416 1750 radiisque
427 1688 537 1736 retexerit
545 1689 635 1734 orbern.

77 1760 123 1808 His
134 1775 178 1820 ego
189 1761 321 1818 nigrantem
334 1753 456 1803 commista
467 1753 580 1814 grandine
592 1753 711 1808 nimbum,

77 1827 144 1876 Dum
156 1825 278 1888 trepidant
290 1822 349 1878 alae,
362 1819 478 1880 saltusque
489 1818 598 1877 indagine
609 1817 719 1876 cingunt,

77 1892 184 1952 Desuper
195 1889 330 1945 infundam,
343 1902 369 1933 ac
381 1888 471 1934 tonitru
484 1881 575 1931 coelum
587 1897 659 1930 omne
670 1883 745 1930 ciebo.

76 1957 209 2019 Diffugient
220 1955 327 2010 comites,
340 1961 364 2000 et
375 1953 443 2000 noste
455 1959 564 2010 tegentur
575 1964 664 2009 opaca3

77 2024 219 2089 Speluncam
231 2023 296 2070 Dido
307 2019 357 2068 dux
367 2029 393 2068 et
401 2018 522 2079 Trojanus
533 2017 633 2064 eandem

77 2089 220 2143 Derenient.
239 2090 331 2145 Adero,
343 2096 377 2143 et,
390 2095 431 2134 tua
442 2082 459 2131 sr
471 2081 531 2130 mihi
543 2092 606 2132 certa
617 2079 736 2140 voluntas,

77 2159 205 2210 Connubio
214 2157 312 2218 jungam
325 2151 409 2212 stabili,
422 2150 589 2212 propriamque
600 2149 690 2194 dicabo.

78 2229 125 2274 Hic
137 2229 288 2286 Hymenaeus
298 2220 351 2270 erit.
371 2221 428 2266 Non
439 2216 568 2273 adversata,
580 2213 672 2274 petenti

78 2293 184 2349 Adnuit,
196 2301 268 2350 atque
280 2285 340 2335 dolis
351 2284 400 2334 risit
412 2283 531 2345 Cytherea
542 2281 646 2342 repertis.

112 2361 233 2403 Oceanum
245 2356 333 2402 interea
345 2352 439 2413 surgens
450 2354 545 2398 Aurora
557 2345 661 2407 reliquie

79 2421 102 2468 lt
114 2423 197 2481 portis,
206 2422 289 2482 jubare
301 2415 495 2481 exorto,delesta
504 2417 628 2480 juventus:

79 2485 150 2532 Retia
161 2500 222 2542 rara,
234 2485 325 2547 plagae,
339 2485 389 2534 lato
399 2481 514 2540 venabula
525 2483 596 2540 sertp,
677 2517 680 2524 ⁴

79 2546 220 2609 Massylique
231 2561 304 2600 ruunt
314 2553 415 2614 equites,
423 2560 451 2598 et
463 2552 536 2598 odora
547 2563 632 2598 canum
645 2547 686 2596 vis.

80 2615 196 2674 Reginam
207 2613 316 2663 thalamo
328 2619 480 2666 nuntiantem
492 2618 522 2664 ad
531 2614 617 2663 ¹limina
629 2615 700 2677 primi

81 2679 212 2728 Poenorum
224 2681 505 2746 exspectante-ostroque
516 2681 612 2746 infinit
623 2691 648 2734 tt
659 2696 716 2732 auro
809 2691 817 2716 ⁹
