1806 2912
13 229 16 336 i
42 375 47 387 .

176 46 429 113 Aruernos
463 44 622 92 urum.
661 57 694 106 ·9.
764 59 810 108 293
884 9 896 26 ⁸

70 150 181 211 Telaque
191 158 275 198 trunca
283 145 336 205 viri,
348 155 373 193 et
382 144 418 196 bis
429 145 468 202 sex
477 143 575 193 thoraca
584 145 687 204 petitum

74 212 251 276 Perfosi'umqne
262 210 332 270 loeis;
351 211 507 272 clypeumque
518 227 549 258 ex
558 227 610 260 aere
619 209 720 259 sinistrae

74 279 191 342 Subiigat‚
202 290 274 340 atque
285 278 363 328 ensem
375 275 436 326 collo
448 277 566 338 suspendit
577 280 701 326 eburnum.

73 349 142 398 Tum
151 346 233 403 socios,
245 359 350 405 namque
357 345 435 392 omnis
444 359 497 390 eum
511 343 595 404 stipata
606 347 701 404 tegebat
739 383 751 388 ,

73 413 157 460 Turba
164 413 260 469 dueum,
273 409 303 459 src
312 411 426 470 incipiens
435 411 544 458 hortatur
552 419 665 458 ovantes:

12 507 13 510 =
75 479 186 526 Maxima
195 493 230 526 res
240 475 329 535 eflkera,
341 476 399 524 viri:
417 476 491 524 timor
501 477 581 526 omnis
592 476 678 524 abesto.

75 546 149 608 Qud
157 541 267 604 superem
287 543 345 590 haee
356 543 410 591 sunt
420 539 502 602 spolia,
512 551 538 590 et
546 545 575 590 de
584 559 637 602 rege
648 543 746 602 superbe

75 607 211 676 Primitiae:
231 609 385 670 manibusque
396 609 454 656 meis
463 608 597 656 Mezentius
607 607 648 660 hic
658 609 700 658 est.

74 679 146 726 Nunc
158 675 203 724 iter
210 677 242 722 ad
253 689 330 734 regern
339 675 408 724 nobis
418 674 543 736 murosque
552 675 662 725 Latinos.

75 746 154 789 Arma
164 751 245 800 parate
253 741 347 800 animis,
359 751 384 788 et
391 742 430 801 spe
440 741 580 801 praesumite
591 739 694 790 bellum:
765 789 767 794 ,
827 759 830 776 ·

74 809 114 856 Ne
123 822 173 867 que
181 821 247 856 mora
255 806 355 865 ignaros,
368 807 409 854 ubi
419 807 522 866 primum
531 805 614 854 vellere
625 805 689 868 signa

75 873 215 922 Annuerint
223 871 313 932 Superi,
326 875 460 934 pubemque
469 875 565 920 educere
576 871 664 932 eastris,

75 939 205 1000 Impediat;
226 937 422 999 segnesquemetu
434 939 648 988 sententia-tardet.

75 1008 167 1053 Interea
176 1005 260 1065 socius²
271 1003 442 1065 inhumataque
449 1021 547 1065 corpora
556 1015 632 1055 terrae

74 1072 233 1120 Mandemusa
251 1071 293 1132 qui
302 1068 363 1118 solus
372 1071 448 1120 honos
457 1069 596 1119 Acheronte
605 1072 645 1129 sirb
655 1071 704 1120 imo
716 1072 756 1122 est.

9 1161 10 1168 κ
75 1141 122 1193 lte,
135 1137 178 1193 ait,
189 1137 291 1198 egregias
302 1137 402 1194 animas,
413 1153 473 1198 quae
483 1133 593 1198 sanguine
602 1138 671 1187 uobis

75 1205 147 1251 Hane
158 1204 259 1262 patriam
269 1219 378 1264 peperere
390 1203 438 1262 suo,
451 1207 559 1256 decorate
568 1205 681 1265 supremis
735 1197 738 1206 Χ

75 1268 228 1317 Muneribusr
248 1269 407 1332 moestamque
417 1271 522 1318 Evandri
531 1270 621 1332 primus
632 1274 662 1320 ad
675 1273 757 1322 urbem

75 1335 190 1384 Mittatur
198 1333 285 1393 Pallas,
297 1352 367 1396 quem
379 1343 428 1383 noh
437 1337 652 1396 uirtutis-egentem

75 1399 185 1452 Abstulit
196 1403 315 1457 errantes,
325 1417 352 1447 ac
360 1403 441 1448 sunere
453 1402 531 1452 mersu
540 1405 631 1452 acerbo.

109 1465 148 1513 sic
159 1465 193 1511 ait
202 1461 360 1522 illacrymans,
373 1465 501 1526 recipitque
510 1469 542 1512 ad
552 1466 635 1514 iimina
647 1465 744 1528 gressum
754 1488 765 1529 ¹,

76 1535 171 1592 Corpus
180 1529 220 1578 ubi
231 1527 335 1576 exanimi
345 1528 446 1589 positum
459 1529 572 1582 Pallantis
580 1537 684 1582 Acoetes

75 1599 189 1646 Seruabat
200 1595 289 1642 senior:
308 1596 350 1655 qui
361 1594 484 1643 Parrhasio
494 1599 614 1645 Evandrus

75 1663 189 1724 Armiger
200 1672 256 1710 ante
268 1659 328 1719 suit;
348 1659 443 1708 sednon
452 1659 558 1710 felicibus
568 1678 643 1724 aeque

59 1732 142 1792 ,Tum
153 1745 232 1784 comes
243 1727 349 1787 auspiciis
359 1743 413 1774 caro
425 1731 494 1776 datus
505 1728 555 1776 ibat
566 1729 671 1780 alumno.

76 1796 171 1844 Circum
183 1795 261 1842 omnis
272 1791 438 1854 famulumque
448 1810 542 1854 uranus,
553 1797 705 1860 'srojannque
720 1801 799 1857 turba,
826 1785 829 1790 ¹

7 1875 8 1886 ¹
76 1863 109 1910 Et
122 1859 222 1908 moestae
233 1859 316 1908 liiades
324 1860 412 1907 crinem
423 1863 450 1907 de
461 1877 525 1910 more
536 1861 635 1924 solutae,

77 1931 113 1974 Ut
123 1943 176 1974 uero
184 1931 279 1974 Aeneas
291 1927 379 1974 foribus
389 1926 433 1974 sese
445 1927 527 1978 intulit
536 1929 606 1987 altis;

76 1996 201 2052 lugentem
213 1991 328 2051 gemitum
339 1991 413 2038 tunsrs
422 1995 451 2040 ad
460 1993 532 2042 sidera
540 1995 629 2042 tollunt
718 1999 724 2007 “

46 2079 50 2088 ’
76 2057 222 2114 Pestoribus,
235 2055 370 2114 moestoque
382 2056 492 2116 immugit
504 2060 566 2117 regin
578 2059 649 2118 lustu.

7 2169 8 2174 ,
76 2123 127 2184 Ipse
139 2134 211 2183 eaput
221 2121 285 2170 nivei
296 2121 384 2168 suitam
398 2121 514 2172 Pallantis
525 2133 549 2172 et
561 2141 603 2172 ora

76 2193 112 2238 Ut
123 2190 192 2246 vidit,
205 2186 297 2248 levique
309 2197 393 2248 patens
404 2189 429 2236 in
441 2191 535 2249 pestere,
545 2188 630 2238 vulnus

75 2255 184 2315 cuspidis
194 2254 323 2310 Ausoniae,
336 2251 446 2314 lucrymis
456 2255 491 2303 ita
503 2259 568 2304 satur
576 2258 680 2315 obortis;

75 2324 152 2379 Tene,
165 2320 253 2383 inquit,
265 2321 394 2368 miserande
406 2337 471 2382 puer,
482 2322 536 2372 etim
549 2321 720 2386 lactaverint,

75 2389 165 2436 invidit
176 2390 271 2442 fortuna
283 2387 353 2443 mihi,
365 2403 394 2434 ne
404 2403 474 2448 regna
483 2388 572 2438 videres

75 2451 170 2512 Nostra,
183 2469 258 2515 neque
269 2455 300 2500 ad
310 2453 374 2501 sedes
385 2453 458 2502 vistor
469 2455 576 2504 veherere
586 2457 715 2518 paternas?

75 2523 134 2568 Non
146 2519 202 2568 haec
214 2521 325 2575 Evandro
335 2519 365 2566 dc
377 2529 401 2568 te
412 2519 522 2581 promissa
534 2526 627 2583 parenti
649 2575 652 2582 ,

75 2586 202 2634 Discedens
213 2587 337 2634 dederam:
356 2587 411 2634 cim
423 2603 462 2635 me
474 2589 611 2650 complexus
622 2602 718 2640 euntem

75 2651 221 2709 Mitteretin
233 2668 345 2722 magnum
358 2654 494 2716 imperium,
506 2657 660 2723 metuensque
672 2668 783 2714 muneret
805 2696 812 2714 ,

406 2723 483 2781 Bb3
