1804 2904
11 7 12 10 “
79 40 112 86 50
192 27 508 88 'GEORG.L18.
538 44 571 90 11.
609 41 681 103 '3⁶5·
777 81 778 88 ,

78 132 130 192 lpsa
142 133 201 183 acics
213 135 318 186 nondum
332 135 398 186 salcis
408 141 536 198 tentandam
555 140 594 190 sed
605 141 672 190 nucis

76 201 215 258 Carpeudae
226 205 334 252 manibus
346 207 449 262 frondes,
462 207 571 268 interque
582 205 701 267 legendae.

76 266 135 314 inde
146 269 187 315 ubi
196 269 246 330 jum
259 269 340 316 validis
351 269 474 330 amplexae
486 271 594 334 stirpibus
603 272 683 321 ulmos

74 331 200 384 Exidriut:
220 345 271 384 tum
284 335 368 396 stringe
377 331 465 397 comas,
477 348 531 388 tum
539 339 636 388 brachia
643 341 729 389 tonde.

74 402 145 448 Ante
153 403 306 450 reformidant
319 405 421 452 serrumz
440 415 494 452 turn
505 407 607 468 denique
616 409 676 456 *dura

74 467 165 517 Exerce
176 467 282 528 imperia,
295 477 319 516 et
331 485 409 518 ramos
421 473 539 534 compesce
551 473 657 522 fluentes.

72 531 200 582 Texendae
211 532 275 594 sepes
281 536 364 595 etiam,
377 547 402 588 et
414 531 565 600 pecusomne
577 541 721 590 tenendum:
743 599 746 603 ¹

73 601 199 661 Praecipue
210 601 268 648 dum
280 604 346 652 frons
357 614 437 652 tenera
446 607 627 670 imprudensque
638 605 759 659 laborum:

73 667 128 726 Cui,
140 668 207 727 super
217 667 326 729 indignas
335 671 433 732 hiemes,
446 672 564 735 solemque
576 683 710 736 pauorem,

73 731 190 782 Silvestres
200 735 237 782 uri
248 735 343 798 assidue,
355 756 497 800 capreaeque
508 740 616 802 sequaces

72 797 191 859 illudunt3
210 803 338 864 pascuntur
346 821 409 863 oves,
421 807 675 868 avidaequejuvencae.

71 867 167 928 Frigora
178 885 222 918 nec
232 879 328 920 tantum
340 889 398 920 caua
410 883 519 922 concreta
528 873 623 934 pruina,

68 936 123 982 Aut
135 937 211 996 gravis
222 936 360 992 incumbens
371 937 471 1001 scopulis
481 940 599 988 arentibus
609 939 693 996 aestum
769 959 773 968 ’

70 1001 198 1066 Qantum
209 1003 244 1052 illi
253 1023 352 1055 nocuere
361 1024 448 1068 greges,
460 1007 559 1068 durique
569 1021 686 1054 venenum

68 1069 167 1129 Dentis,
179 1080 207 1133 et¹
215 1074 323 1130 admorso
334 1073 423 1131 fignata
435 1073 460 1118 in
473 1071 542 1130 stirpe
553 1071 658 1118 cicatrix.
693 1129 695 1132 Ι
709 1087 712 1089 ’

68 1137 128 1186 Non
140 1135 211 1190 aliam
222 1143 253 1188 ob
264 1138 358 1200 culpam
371 1136 463 1184 Baccho
474 1153 544 1198 caper
552 1137 664 1190 omnibus
674 1137 720 1186 aris

69 1203 190 1263 Caeditur,
203 1215 227 1252 et
239 1215 326 1252 veteres
337 1204 420 1252 ineunt
431 1203 550 1264 proscenia
561 1201 624 1251 ludi:

47 1267 51 1272 ”
69 1271 224 1332 Praemiaque
235 1271 334 1332 ingeniis
345 1287 417 1332 pagos
428 1279 453 1317 et
464 1269 569 1330 compita
580 1269 678 1330 circum,

68 1336 197 1386 Theseidae
209 1337 315 1398 postem
334 1347 406 1397 atque
417 1335 480 1384 inter
491 1331 575 1398 pocula
586 1333 643 1385 laeti

69 1401 184 1450 Mollibus
196 1404 220 1450 in
232 1403 306 1464 pratis
317 1405 400 1450 unitos
411 1401 490 1452 saliere
502 1419 544 1464 per
554 1412 631 1466 utres„

65 1473 120 1526 Juec
132 1485 181 1517 nou
194 1470 303 1527 Ausonii,
314 1469 388 1530 Troja
399 1485 456 1529 gens
466 1467 542 1529 milla,
555 1467 634 1518 coloni

68 1536 175 1588 Versibus
186 1536 297 1586 incomtis
309 1533 403 1594 ludunt,
415 1536 507 1598 risuque
518 1535 606 1596 soluto;

68 1609 165 1668 Oraque
177 1603 303 1652 corticibus
312 1603 409 1664 sumunt
419 1603 540 1654 horrenda
548 1605 650 1654 cavatis:
664 1605 668 1618 '

67 1671 103 1720 Et
113 1683 147 1730 tc,
161 1669 257 1728 bacche,
270 1679 366 1732 vocant,
377 1687 423 1732 ,per
432 1672 537 1719 carmina
547 1669 619 1731 laeta,
631 1673 723 1732 tibique

67 1737 155 1788 oscilla
166 1755 195 1787 ex
207 1735 255 1786 altu
267 1737 409 1798 suspendunt
421 1735 503 1784 mollia
514 1737 581 1797 pinu.

67 1806 133 1854 Hine
140 1805 219 1854 omnis
230 1802 295 1864 largo
307 1803 411 1864 pubescit
422 1803 491 1850 vinea
502 1803 582 1850 foetu:

67 1868 228 1933 Compleutur
239 1865 356 1932 vallest1ue
368 1885 447 1928 cavae,
459 1866 576 1930 saltusque
587 1868 711 1930 profundi}

66 1936 101 1990 Et
113 1939 262 2004 quocumque
274 1939 332 1986 deus
342 1935 429 1984 circum
439 1945 510 1997 caput
521 1937 569 1996 egit
579 1933 712 1984 honestum.

67 2009 132 2068 Ergo
143 2007 187 2056 rite
199 2007 250 2055 suos
260 1994 352 2054 liaceho
364 2003 467 2052 dicemus
476 2003 578 2051 honores

66 2071 218 2122 Carminibus
229 2073 320 2135 patriis,
334 2069 456 2133 lancesque
466 2079 491 2119 et
502 2067 550 2118 liba
561 2072 662 2120 feremus
669 2087 693 2124 τ’,

67 2144 102 2190 Et
113 2142 194 2190 dustus
206 2157 278 2188 cornu
292 2139 360 2188 stabit
371 2138 433 2186 sacer
443 2137 521 2190 hircus
533 2139 563 2184 ad
573 2153 654 2185 aram:

69 2209 214 2270 Pinguiaque
226 2210 251 2256 in
263 2207 354 2255 verubis
366 2205 507 2266 torrebimqs
518 2213 573 2252 exta
582 2201 694 2250 columis.
751 2251 754 2256 Δ
848 2255 850 2264 γ

102 2273 144 2324 Est
155 2275 227 2324 etiam
240 2273 279 2322 ille
290 2273 357 2321 labor
368 2272 477 2320 curandis
487 2271 574 2320 vitibus
584 2267 656 2330 altera

69 2339 114 2388 eui
122 2357 245 2404 nunquam
254 2339 361 2388 exhausti
368 2336 476 2387 satisest:
490 2353 594 2400 namque
601 2351 672 2386 omne
679 2335 809 2398 quotannis

68 2407 163 2468 Terque
172 2417 303 2470 quaterque
311 2405 387 2454 solum
398 2405 560 2464 scindendum,
573 2403 686 2466 glebaque
697 2400 765 2452 uersis

70 2473 204 2522 Aeternum
214 2477 344 2534 frangenda
355 2473 505 2522 bidentibus:
524 2487 596 2520 omne
606 2469 732 2520 levandum

71 2537 161 2586 Fronde
172 2556 263 2590 nemus.
283 2540 358 2590 Redit
369 2533 476 2602 agricolis
484 2537 552 2588 labor
560 2541 626 2588 anus
633 2539 659 2586 iu
668 2539 763 2595 urbemn
799 2567 802 2574 ·

70 2602 153 2675 Atque
165 2606 189 2652 in
201 2607 222 2654 se
234 2607 273 2655 sua
285 2623 327 2668 per
337 2605 434 2668 vestigia
444 2603 549 2654 volvitur
561 2603 645 2656 donus.

70 2665 117 2720 Et]
124 2682 161 2716 am
170 2669 228 2722 olim
240 2674 300 2726 seras
308 2673 386 2736 posuit
396 2689 452 2724 cum
463 2672 534 2734 rium,
541 2673 650 2732 leundas,
698 2689 704 2730 ’,
