1818 2914
183 40 443 94 nunninus
478 37 578 86 nra
592 37 648 86 vu.
700 47 756 99 754
804 8 903 109 227*

105 151 220 212 δρψ
231 161 273 208 ‘¹¹¹¹
265 144 379 194 s⁰m¹¹⁰⁵
387 153 506 204 cantuque
518 157 638 204 manuque
650 141 750 204 solebat,
833 139 839 151 ‘

107 213 251 274 Mulcebatq
249 229 279 259 ue
290 212 345 270 iras,
357 220 382 260 et
393 209 483 258 morsus
490 219 540 258 arte
549 208 652 257 levabat

16 287 19 294 '
108 283 156 330 Sed
167 295 216 328 uon
223 278 360 327 Dardanae
372 277 482 326 medicari
493 275 594 336 cuspidis
605 275 679 338 istum

107 344 219 403 Evaluit3
238 361 314 406 neque
325 360 379 392 eum
390 345 471 405 juvere
480 343 506 390 in
518 340 614 390 vulnera
626 353 711 391 cantus

108 413 246 470 Somniseri,
258 421 282 460 et
292 410 377 459 Marsis
388 408 505 472 quaesitae
516 410 640 458 montibus
651 409 745 460 herbae.

107 482 147 530 Te
159 495 240 526 nemus
251 477 393 540 Anguitiae,
406 477 479 544 vitrea
491 487 515 526 te
525 476 625 525 Fucinus
635 479 709 536 unda,

107 547 148 596 Te
157 544 240 608 liquidi
253 544 335 593 flevere
343 543 416 594 lacus.

143 615 197 663 ibat
207 623 232 662 et
242 609 370 674 Hippolyti
381 612 459 673 proles
471 609 628 672 pulcherrima
640 609 702 660 bello

107 679 218 729 Virbius:
238 677 350 739 insignem
363 695 434 740 quem
448 688 524 726 mater
535 677 617 725 Aricia
630 677 703 738 misit,

108 748 231 795 Edushun
243 745 338 804 Egeriae
350 741 416 804 lucis,
430 744 556 807 Hymettia
566 745 653 793 circum
713 777 718 786 ·

106 813 205 869 Litora,
217 811 310 874 pinguis
321 814 362 860 ubi
373 821 396 860 et
408 809 530 873 placabilis
541 827 581 860 ara
592 811 692 860 Dianae.
805 816 856 878 [eae

106 881 223 940 Namque
233 877 392 938 feruntsama,
402 876 573 940 Hippolytum,
584 877 708 938 postquam
718 888 857 930 artenoner·

107 945 237 1021 Occiderit,
250 945 384 1008 patriasque
395 941 497 1006 explent
509 943 620 1006 sanguine
634 961 731 1007 poenas,

107 1001 232 1062 Turbatus
245 1012 368 1062 distentius
379 1011 454 1073 equis,
466 1013 496 1059 ad
506 1009 584 1060 fidera'
590 1011 666 1060 rursus

109 1078 241 1138 Aetheria,
248 1089 272 1129 et
284 1080 378 1140 superas
389 1077 448 1128 coeli
459 1075 544 1126 venisse
556 1079 596 1126 sub
608 1095 686 1138 auras,

109 1145 221 1194 Paeoniis
232 1156 367 1196 revocatum
379 1145 466 1206 herbis,
482 1156 506 1195 et
517 1161 597 1196 amore
608 1146 711 1196 Dianae

88 1229 93 1236 ·
109 1212 178 1260 Tum
190 1223 257 1274 pater
268 1213 430 1276 omnipotens,
443 1183 546 1276 aliquem
559 1211 697 1276 indignatus
706 1214 736 1262 ab
748 1213 838 1265 umbris

109 1280 241 1328 Mortaiem
251 1281 352 1330 infernis
360 1283 391 1330 ad
402 1280 493 1329 lumina
504 1281 595 1342 surgere
606 1281 679 1341 vitae,

11 1345 16 1352 '
109 1345 161 1406 lpse
172 1357 316 1408 repertorem
330 1349 459 1396 medicinae
470 1349 526 1396 talis
537 1348 640 1406 nattis,

110 1410 222 1460 Fulmine
233 1413 410 1472 Phoebigenam
423 1414 516 1475 Stygias
526 1413 641 1462 detrusit
635 1429 660 1462 rn
671 1416 755 1464 undas.

111 1481 152 1525 At
160 1477 245 1523 Trivia
255 1475 414 1536 Hippolytum
425 1479 517 1526 secretis
527 1477 591 1526 alma
602 1481 708 1528 recondit
807 1509 817 1522 ι

110 1543 221 1600 Sedibus,
233 1550 258 1590 et
270 1541 391 1604 nymphae
401 1543 497 1602 Egeriae
508 1543 645 1604 nemorique
656 1545 757 1607 relegata

110 1608 182 1659 Solus
193 1608 253 1656 ubi'
246 1623 271 1656 m
284 1604 354 1668 sylvis
367 1607 431 1656 Italis
443 1607 552 1688 ignobilis
564 1625 646 1658 aevum
728 1642 729 1645 =

79 1723 85 1728 .
110 1677 235 1737 Exigeret,
247 1673 360 1736 versoque
371 1675 411 1722 ubi
422 1676 519 1724 nomine
530 1675 625 1724 Virbius
634 1674 699 1727 esset.

112 1745 184 1791 Unde
192 1743 267 1800 ettam
278 1739 369 1803 templo
379 1742 474 1791 Triviae
486 1741 590 1805 lucisque
597 1742 693 1802 sacratis

6 1867 7 1874 ἵ
103 1809 260 1872 -Cornipedes
271 1819 379 1858 arcentur
390 1809 458 1872 equi;
477 1812 542 1872 quod
555 1809 624 1859 litore
635 1811 738 1875 ¹currum,

113 1878 149 1924 Et
157 1876 268 1938 juvenem
280 1875 390 1926 monstris
400 1877 480 1939 pavidi
491 1876 593 1928 effudere
604 1879 711 1930 marinis·

113 1941 188 1991 Filius
199 1945 308 1992 ardentes
319 1943 383 1992 haud
394 1945 465 1994 secius
473 1962 575 2008 aequore
586 1947 666 2008 campi
728 1949 733 1960 '

112 2010 248 2058 Exercebat
257 2025 339 2088 equos,
351 2026 466 2072 curruque
477 2014 503 2060 in
514 2011 577 2061 bella
588 2015 680 2062 ruebat.

100 2075 184 2140 *lpse
177 2083 239 2124 mter
251 2075 340 2136 primos
350 2077 478 2136 praestanti
488 2093 586 2139 corpore
593 2079 692 2126 Turnus

110 2141 410 2202 Vertitur,ar1i1atenens,
422 2153 447 2191 et
459 2153 513 2192 toto
524 2144 611 2193 vertice
622 2143 690 2204 supra
701 2142 780 2194 est.

113 2208 161 2256 Cui
173 2207 261 2268 triplici
272 2208 358 2258 crinita
366 2209 424 2270 juba
433 2207 500 2270 galea
510 2212 560 2258 alta
569 2209 721 2272 Chimaeram
802 2227 812 2256 .-

109 2271 227 2334 Sustinet,
239 2279 362 2323 Aetnaeos
372 2273 492 2324 efflantem
504 2276 628 2324 saucibus
621 2293 694 2338 ignes.

111 2341 178 2390 Tam
191 2339 792 2418 magrs1llasremensettrrstrbusefferaflammis,
825 2349 843 2360 '

113 2409 196 2472 Qam
209 2408 284 2468 magis
294 2406 364 2455 effuso
375 2410 513 2459 crudescunt
524 2409 634 2474 sanguine
644 2427 745 2474 pugnae.

113 2479 155 2523 At
167 2475 241 2524 levem
252 2474 360 2552 clypeum
373 2475 470 2526 sublatis
480 2477 590 2540 comibus
600 2481 627 2526 lo

112 2545 187 2590 Auro
199 2538 352 2600 mfigmbat
343 2558 393 2604 yam
406 2542 573 2593 setisobsrta'
547 2561 615 2607 ,jam
627 2547 680 2604 bos,
774 2565 777 2568 ·
838 2551 842 2558 '

112 2609 314 2667 Argumentum
308 2624 399 2670 ingens,
412 2619 435 2659 et
445 2609 553 2668 custos'
534 2611 726 2673 virginisArgus,

110 2671 260 2736 Caelataque
269 2690 366 2726 amnem
379 2678 480 2728 fundens
490 2682 560 2741 pater
569 2677 671 2728 Inachus
680 2685 749 2738 uma.
831 2711 837 2718 -=
