1806 2912
84 41 133 90 272
185 33 621 82 eenamcenam
674 43 744 98 109„

82 131 128 175 Seu
141 130 198 180 fatis
210 127 299 185 italiim
308 130 381 182 castra
392 128 510 176 obfidione
520 138 641 187 tenentur,
659 127 665 144 ⁸

83 195 137 242 Sive
147 211 223 244 errore
235 195 297 244 malo
306 197 400 257 Trojae,
413 191 670 256 monitisque‘fiuisiris.
692 243 696 248 ,

10 279 11 314 l
83 264 136 310 Nec
145 261 246 312 Rutulos
256 260 327 310 solvo.
347 265 392 308 Sua
404 261 488 320 cuique
500 262 580 308 exorsa
592 259 697 310 laborem

10 371 11 376 ,
83 329 260 390 Fortunamque
270 330 354 374 ferent.
363 371 365 375 ,
375 329 429 374 Rex
441 328 535 388 Jupiter
545 328 654 374 omuibus
667 329 739 376 idem.

10 389 12 410 '
84 397 145 444 Fata
156 396 216 444 uiam
228 391 356 442 invenient.
376 392 452 453 Stygii
465 409 507 453 per
519 394 614 442 flumina
626 395 716 452 fratris,

83 462 130 509 Per
141 461 191 521 pice
201 465 315 506 torrentes
324 468 424 519 atraque
437 459 547 519 voragine
558 460 621 520 ripas

82 527 313 582 Annuit‚ettotum
324 535 386 572 nutu
397 528 529 574 tremefecit
538 524 677 587 Olympum.
748 558 752 570 .

10 609 11 616 ¹
77 593 128 642 *Hic
134 591 189 660 finis
199 591 275 636 sandi.
295 589 360 639 Solio
371 577 526 655 tumtlupiter
538 609 608 640 aureo

10 653 11 662 ¹
81 658 167 718 Surgit,
179 654 304 704 coelicolae
316 659 421 720 medium
434 675 503 720 quem
514 661 545 706 ad
555 658 637 706 limina
647 660 746 720 ducunt,

112 727 205 772 Interea
215 722 302 772 Rutuli
312 727 388 785 portis
399 725 487 774 circum
499 726 610 774 omnibus
622 725 710 774 instant

79 792 187 838 Sternere
199 792 269 838 caede
280 792 351 848 viros,
364 803 388 842 et
401 793 494 840 moenia
506 793 597 853 cingere
610 793 720 842 flammis.

79 854 126 904 Ast
137 855 199 918 legio
210 857 353 906 Aeneadirm
365 858 432 919 vallis
442 855 528 908 obsesla
538 869 645 910 tenetur:
715 893 718 900 ι

78 926 131 971 Nec
144 924 195 985 spes
206 922 255 972 ulla
267 928 344 986 fugae.
363 926 444 974 Miseri
456 924 518 978 siant
529 928 632 975 turribus
643 923 698 974 altis

77 991 258 1053 Nequicquam,
272 1002 297 1039 et
308 1007 359 1038 rara
370 1008 450 1042 muros
461 991 556 1052 cinxere
566 990 662 1046 cornui.

79 1057 153 1106 Asius
167 1059 317 1116 lrnbracides,
330 1058 528 1120 Hicetaoniusque
537 1059 693 1119 Thymoetes,

63 1128 64 1132 ’
79 1122 236 1186 Assaracique
248 1127 303 1181 duo,
316 1134 339 1172 et
352 1124 426 1171 senior
437 1139 491 1170 cum
501 1123 595 1172 Castore
603 1124 699 1186 Tybris,

80 1191 163 1238 Prima
174 1191 242 1238 acies.
262 1192 314 1236 Hos
324 1190 429 1248 germani
439 1189 580 1248 Sarpedonis
592 1192 673 1246 ambo,

79 1259 114 1306 Et
126 1255 216 1313 Clarus,
229 1264 253 1302 et
263 1257 381 1312 Haemon,
393 1253 468 1317 Lycia
480 1253 626 1309 comitantur
633 1257 666 1309 ,ab
679 1254 736 1302 alta.

81 1325 136 1370 Fert
147 1323 228 1382 ingens
240 1329 294 1369 toto
304 1319 420 1368 connixus
430 1336 529 1382 corpore
541 1320 632 1380 saxum,

80 1389 152 1438 Haud
164 1397 257 1449 partem
268 1388 377 1448 exiguam
388 1387 488 1444 montis,
500 1385 635 1447 Lyrneslius
646 1389 757 1446 Acmon,

79 1459 131 1506 Nec
141 1453 222 1517 Clytio
234 1455 338 1516 genitore
350 1453 437 1512 minor,
450 1470 494 1502 nec
505 1455 578 1502 fratre
589 1451 722 1502 Mnestheo.

79 1522 115 1571 Hi
123 1519 216 1584 jaculis,
229 1519 263 1568 illi
275 1530 368 1570 certant
379 1522 503 1568 defendere
512 1520 581 1580 saxis,

79 1588 210 1650 Molirique
221 1589 310 1650 ignem,
322 1603 442 1649 nervoque
453 1597 535 1648 aptare
544 1587 646 1648 sagittas.

82 1657 137 1717 ipse·
145 1658 206 1704 inter
218 1656 316 1713 medios,
326 1655 422 1704 Veneris
431 1653 553 1716 justissima
562 1671 625 1712 eura,

26 1717 30 1724 ’
80 1722 217 1772 Dardanius
228 1731 299 1781 eaput
311 1737 363 1768 ecce
373 1737 431 1780 puer
440 1722 543 1770 detestas
555 1719 691 1768 honestum:

82 1786 166 1854 Qalis
178 1803 270 1846 gemma
281 1785 363 1842 micat,
376 1784 468 1833 fulvum
481 1801 540 1847 quae
549 1787 633 1834 dividit
645 1801 736 1843 aunum,

81 1859 135 1902 Aut
146 1852 208 1901 collo
219 1854 297 1909 decus,
310 1860 351 1897 aut
362 1851 450 1910 capiti:
470 1850 507 1898 vel
519 1849 588 1911 quale
600 1867 642 1912 per
652 1862 727 1901 artem

82 1919 198 1969 Inclusum
209 1920 282 1975 buno,
295 1927 336 1965 aut
345 1917 423 1964 Oricia
436 1917 582 1975 terebintho,

81 1991 158 2045 Lucet
171 1988 240 2034 ebur:
262 1984 322 2032 susos
334 1983 412 2032 cervix
424 1984 460 2033 cui
472 1982 546 2032 lactea
555 1985 630 2032 crines

83 2054 194 2116 Accipit,
204 2062 229 2100 et
241 2049 308 2099 molli
318 2051 455 2100 subnectens
468 2049 567 2098 circulus
576 2067 640 2098 auro.

12 2143 15 2156 ³
82 2126 119 2170 Te
131 2135 227 2183 quoque
236 2117 401 2179 magnanimae
409 2118 529 2176 viderunt,
541 2119 634 2174 ismare,
647 2126 727 2176 gentes

82 2186 185 2235 Vulnera
197 2186 304 2245 dirigere,
317 2194 341 2232 et
351 2181 454 2232 calamos
463 2201 554 2232 armare
565 2198 664 2242 veneno,

81 2253 194 2300 Maeonia
206 2251 314 2310 generose
325 2253 416 2298 domo:
431 2251 473 2296 ubi
484 2249 579 2312 pinguia
590 2247 654 2298 culta

80 2321 248 2377 Exercentque
259 2316 312 2372 viri,
326 2314 479 2376 Pactolusque
491 2318 571 2377 irrigat
582 2331 645 2362 auro.

81 2383 173 2429 Adfuit
183 2394 207 2430 et
216 2380 362 2437 Mnestheus,
376 2379 433 2441 pulsi
443 2399 513 2444 quem
525 2379 620 2444 pristina
628 2381 706 2429 Turni

80 2451 175 2505 Aggere
187 2461 308 2498 murorum
320 2445 444 2494 sublimem
458 2447 531 2508 gloria
539 2445 616 2505 tollit;

80 2511 113 2554 Et
126 2514 221 2568 Capys:
242 2511 298 2557 hinc
307 2527 395 2558 nomen
406 2517 542 2575 Campanae
554 2513 646 2566 ducitur
657 2515 719 2564 urbi.

80 2568 117 2616 lili
127 2573 188 2619 inter
197 2575 241 2620 sese
250 2577 303 2622 duri
312 2577 444 2626 certamina
459 2580 515 2629 belli

79 2635 251 2687 ‹tantulcrant2
272 2642 349 2690 media
361 2646 458 2694 Aeneas
470 2649 533 2701 freta
541 2650 610 2700 nosle
622 2647 722 2698 secubat.
