1818 2914
74 43 123 96 160
173 49 428 98 AENBIDOS
460 50 547 96 bru.
577 51 618 98 Ν.
670 49 726 110 642.

104 141 143 186 At
153 139 255 200 trepida,
266 149 290 189 et
299 139 389 200 coeptis
397 139 543 188 immanibus
553 140 623 190 effen
631 144 706 202 Dido,

72 203 229 264 Sanguineam
241 203 335 253 volvens
346 204 428 260 aciem,
441 204 584 267 maculisque
595 218 724 260 uenientes

72 271 187 320 lnterlusa
199 287 275 331 genas
289 280 313 318 et
323 266 411 328 pallida
419 278 497 317 morte
506 274 595 330 futura,

72 335 187 386 interiora
198 338 281 384 domm
291 333 400 393 irrumpit
409 332 502 394 limina,
515 347 538 385 et
548 337 609 388 altos

73 403 214 451 Conscendit
225 401 349 448 furibunda
359 416 438 460 rogos,
450 402 574 465 ensemque
585 403 684 457 recludit

72 469 229 524 Dardanium,
241 481 289 514 non
298 465 342 514 hos
351 465 481 527 quaesitum
489 485 576 518 rnunus
587 470 611 520 in
623 472 684 522 usus.

72 533 129 594 Hic,
142 532 263 594 postquam
277 530 358 580 Iliacas
369 532 441 581 restes
452 545 583 598 notumque
593 536 669 586 cubile

73 599 209 660 Conspexit,
219 595 324 658 paullum
337 597 447 660 lacrymis
457 611 481 649 et
493 613 573 651 mente
584 613 686 665 morata,

72 665 227 725 Incubuitque
236 674 299 724 toro,
311 665 421 726 dixitque
432 667 554 716 novillima
562 672 647 718 verba:

70 731 275 790 Dulcesexuriae,
288 733 346 780 dum
357 734 407 780 sata
415 733 526 794 Deusque
536 735 654 796 linebant,

71 797 183 858 Accipite
194 797 256 846 hanc
267 799 384 857 animam,
396 814 480 860 meque
490 801 527 850 his
539 802 650 852 exsolvite
660 805 731 852 curis.

71 861 136 920 Vixi,
148 873 182 922 et,
195 880 266 925 quem
279 866 374 914 dederat
383 865 477 914 cursum
486 870 591 926 fortuna,
603 871 696 931 peregit

64 931 105 978 -Et
117 945 181 977 nunc
192 933 278 992 magna
291 931 337 980 mci
349 932 389 980 sub
400 942 475 982 terras
485 934 530 982 ibit
541 935 627 995 imago.

72 999 163 1044 Urbem
176 996 318 1058 praeclaram
332 997 413 1048 flatui:
434 1015 486 1048 mea
498 1000 664 1050 mcutiavidi:

73 1062 133 1112 Ulta
144 1064 230 1122 virum,
243 1079 331 1125 poenas
342 1062 439 1112 inimico
451 1067 547 1114 aisratrc
558 1070 645 1128 πυρὴ

72 1129 149 1189 Felix,
162 1130 219 1178 heu!
237 1130 338 1178 nimium
349 1129 416 1190 felix,
429 1129 525 1180 srlitora
534 1141 632 1182 tantum

72 1199 204 1258 Nunquam
212 1196 347 1244 Dardaniae
355 1193 483 1259 tetigissent
495 1197 573 1245 nostra
583 1200 688 1250 carinae!

72 1262 157 1311 Dixit:
177 1271 210 1320 et,
223 1277 249 1309 os
260 1257 367 1320 impreffa
380 1270 443 1319 toro,
456 1262 588 1310 Moriemur
596 1263 700 1314 inulmei

72 1329 118 1376 Sed
130 1327 266 1384 moriamur,
278 1327 326 1374 ait:
345 1325 383 1384 fic,
398 1325 501 1389 srcjuvat
513 1329 545 1376 ire
557 1329 598 1376 sub
608 1331 713 1379 umbras.

73 1393 172 1443 Hauriat
182 1392 246 1442 hunc
255 1389 327 1440 oculis
338 1393 416 1453 ignem
428 1393 527 1443 crudelis
535 1396 564 1444 ab
576 1394 626 1445 alto

72 1461 208 1518 Dardanus,
220 1467 245 1508 et
253 1458 343 1507 nollrac
353 1460 428 1508 secum
438 1463 499 1512 serat
507 1463 590 1510 omina
600 1463 692 1514 mortis.

71 1526 188 1583 Dixerat:
208 1536 280 1593 atque
289 1523 355 1580 illam
363 1529 512 1581 mediaintcr
521 1528 578 1578 talia
587 1532 650 1580 serso

74 1595 209 1657 collapsam
219 1593 334 1655 aspiciunt
341 1595 448 1655 comites,
460 1597 586 1660 ensemque
596 1613 678 1649 cruore

74 1667 241 1724 Spumantem,
254 1661 385 1722 sparsasque
394 1679 485 1712 manus.
504 1668 526 1712 lt
535 1663 624 1712 clamor
630 1667 660 1714 ad
668 1662 719 1714 alta
797 1714 799 1722 ,

30 1765 31 1769 ,
75 1731 162 1778 Atria:
182 1725 314 1776 concussam
325 1729 452 1792 bacchatur
463 1731 528 1779 fama
539 1746 581 1789 per
589 1733 683 1787 urbeme

75 1795 209 1852 Lamentis,
222 1793 366 1853 gemituque,
379 1803 402 1840 et
414 1795 517 1842 femineo
529 1792 619 1842 ululatu

75 1863 149 1910 Testa
159 1863 276 1908 fremunt:
296 1859 388 1906 resonat
399 1861 491 1918 magnis
498 1857 650 1920 plangoribus
657 1861 738 1910 aether
745 1877 755 1910 a

75 1931 133 1979 Non
143 1925 219 1984 aliter,
231 1939 304 1986 quam
316 1923 331 1969 sr
341 1923 448 1972 immissis
458 1934 511 1972 rum
522 1925 626 1974 hostibus
634 1928 713 1976 omnis
790 1984 793 1991 Ι

76 1995 206 2053 Carthago,
218 2002 259 2040 aut
268 1990 466 2052 antiqua·ryros;
487 1992 642 2052 flammaeque
654 1996 758 2042 lucentcs

77 2060 189 2110 Culmina
200 2074 287 2120 perque
294 2057 419 2104 hominum
429 2055 555 2106 volvantur
565 2075 653 2120 perque
662 2063 778 2109 Deorum.

110 2127 198 2176 Audiit
209 2124 334 2180 exanimis,
346 2124 486 2184 trepidoque
496 2126 608 2172 exterrita
619 2123 692 2184 cursu,

77 2194 251 2252 Unguibusora
259 2191 322 2238 soror
331 2193 436 2247 foedans,
446 2199 470 2238 et
480 2193 574 2250 pectora
585 2190 677 2251 pugnis,

78 2261 123 2305 Per
133 2260 221 2304 medios
230 2257 287 2314 ruit,
300 2273 326 2303 ac
338 2257 478 2304 morientem
490 2256 587 2304 nomine
599 2253 700 2305 clamate

77 2327 130 2370 Hoc
139 2322 206 2380 illud,
216 2338 336 2382 germana,
347 2321 408 2370 suit?
427 2339 465 2369 me
476 2325 557 2370 lmude
569 2322 678 2384 petebas?
712 2372 714 2378 ,

78 2389 131 2432 Hoc
143 2403 211 2446 rogus
221 2388 261 2435 iste
271 2387 394 2445 miliduoc
403 2389 467 2449 ignes
475 2405 573 2450 araeque
581 2388 711 2449 parabant?

79 2451 143 2514 Quid
153 2453 255 2509 primum
266 2453 354 2501 deserta
364 2454 462 2515 querar?
481 2459 624 2504 comitemne
633 2457 736 2504 sororem

78 2515 188 2574 Sprevisti
201 2518 317 2566 moriens?
336 2523 416 2568 eadem
427 2537 465 2567 me
474 2523 505 2569 ad
515 2525 565 2570 suta
575 2519 688 2570 vocillcs:

79 2579 143 2624 ldem
154 2582 234 2628 auibus
246 2586 308 2630 ferro
319 2584 395 2644 dolor,
406 2595 478 2646 atque
489 2590 570 2635 eadem
581 2589 637 2636 hora
650 2587 745 2638 tulillet.

78 2644 122 2688 iiis
133 2645 205 2692 etiam
216 2645 289 2698 (inuti
299 2652 418 2711 manibus,
430 2654 566 2718 patriosque
577 2657 659 2706 rocavi

8 2811 99 2862 ‘X
