1806 2912
98 32 147 96 eye
207 38 639 102 aerumnosarum
685 49 743 99 tro·
803 4 813 15 ’

95 135 197 182 Aenean
205 133 294 195 petiit:
313 140 355 186 sed
365 153 411 185 non
422 143 447 182 et
456 133 524 192 figere
534 143 617 182 eontra

95 196 138 247 Est
149 195 251 258 licitum,
264 205 397 261 magnique
404 202 479 245 lemur
489 198 627 259 perstrinxit
636 199 756 250 Achatae.

93 263 144 314 ch
154 267 262 324 Curibus,
275 266 350 312 fideus
361 265 480 324 primaevo
492 263 597 326 corpore,
609 265 707 318 Clausus
793 303 796 310 .

10 347 11 356 ¹
94 333 212 390 Advenit,
224 341 247 379 et
257 331 331 390 rigida
340 331 453 390 Dryopen
464 331 521 380 serit
532 333 622 380 eminus
633 331 710 390 hasta,
728 369 733 383 .

9 399 11 434 t
95 401 143 446 Sub
153 410 257 446 mentum
268 393 370 454 graviter
381 391 464 456 preffa,
476 397 610 458 pariterque
618 396 740 459 loquentis

94 467 181 514 Vocem
192 461 342 522 animamque
353 461 417 522 rapit
427 461 526 524 trajecto
537 473 644 533 gutture:
664 474 690 512 at
703 461 742 514 ille

10 561 11 566 =
94 527 243 578 Fronteferit
254 534 353 584 terram,
366 535 390 576 et
401 525 499 576 cratium
510 529 587 578 vomit
595 545 634 578 ore
646 545 762 578 cruorem.

9 645 11 656 ,
91 597 150 646 Tres
161 605 253 654 quoque
261 591 388 642 Threicios
398 597 482 644 Boreae
493 589 522 653 de
533 605 603 656 gente
613 595 736 657 suprema;

10 675 11 680 ¹
90 663 123 710 Et
130 669 184 716 tres,
196 673 257 718 quos
264 659 319 706 idas
330 669 407 720 pater,
420 671 444 709 et
455 661 531 721 patria
541 661 627 713 Ismara
638 662 728 720 mittit3

89 729 134 775 Per
145 723 220 772 varios
232 723 314 774 ilendt
323 727 395 776 casus.
414 729 521 776 Occurrit
531 727 651 788 Halaesus,
691 766 704 786 ,-

9 821 11 850 ,
88 795 263 852 Auruncaeque
274 791 371 842 niauus:
392 793 622 856 firbitetNeptunia
633 792 719 856 proles,
784 811 788 820 ⁴

9 863 11 882 '
74 855 187 918 ,insignia
196 855 316 922 Messapus
328 861 407 922 equire
421 859 543 922 expellere
553 863 656 920 tendunt
741 907 743 912 .

87 927 161 974 Nunc
170 924 206 984 hi,
219 941 283 975 nunc
294 925 341 985 illu
358 937 462 981 certatur
473 926 555 976 limine
566 929 592 976 in
604 928 653 989 ipso
741 965 754 984 ,.

87 991 219 1041 Ausoniae.
238 997 329 1054 Magno
338 993 453 1043 discordes
462 995 555 1043 aethere
567 995 633 1043 venti
648 1041 654 1046 .

88 1057 183 1108 Proelia
195 1075 237 1108 ceu
244 1059 343 1118 tollunt,
356 1061 442 1108 aramis
452 1070 478 1110 et
487 1060 674 1122 viriburaequis.

87 1127 149 1174 Nou
160 1125 277 1188 ipsi-inter
286 1126 316 1184 se,
326 1141 376 1174 nou
388 1125 476 1184 nubila,
490 1143 539 1176 uon
550 1143 614 1174 mare
625 1127 727 1174 cedunt:

81 1196 189 1254 Auceps
199 1207 278 1254 pugna
289 1191 328 1239 diu
337 1205 343 1238 t
363 1189 425 1239 stant
434 1192 523 1239 obnixa
533 1192 613 1239 omnia
625 1199 716 1240 contra.

87 1261 161 1308 Haud
171 1257 239 1306 aliter
247 1256 364 1318 Trojanae
375 1255 443 1315 acles,
453 1256 557 1318 aciesque
566 1256 669 1306 Latinae
684 1293 692 1300 ,

87 1326 251 1376 Concurrunt:
260 1321 350 1371 lueret
361 1323 419 1382 pede
430 1339 480 1382 pes,
495 1323 622 1384 densusque
631 1321 737 1376 virovir.

87 1394 127 1440 At
139 1399 205 1452 parte
216 1406 247 1438 ex
258 1385 313 1448 alia,
325 1388 438 1454 quasaxa
449 1389 554 1438 rotantia
564 1387 611 1438 late

87 1455 219 1520 Impulerat
226 1461 328 1515 torrens,
340 1454 479 1517 arbustaque
490 1455 568 1504 diruta
578 1453 646 1516 ripis,

88 1526 207 1584 Arcadas,
219 1523 320 1576 insuetos
331 1523 391 1571 acies
402 1521 487 1590 inlerre
498 1521 621 1584 pedestres,

88 1591 198 1640 Utuidit
210 1588 289 1640 Palla-s
300 1591 372 1644 Latio
384 1591 439 1638 dare
451 1599 518 1650 terga
529 1589 630 1650 sequaci,

87 1657 183 1719 Aspera
194 1657 260 1720 queis
271 1666 356 1706 natura
367 1655 413 1704 loci
424 1656 544 1706 dimittere
555 1655 651 1717 quaudo

88 1723 164 1788 Suasit
176 1737 263 1786 equos;
283 1739 356 1770 unum
369 1726 435 1784 quod
446 1720 595 1778 rebusrestat
603 1721 690 1783 egenis,

86 1793 160 1839 Nunc
172 1806 248 1850 prece,
260 1805 324 1837 nuuc
332 1789 400 1836 diuis
409 1790 521 1837 virtutem
532 1789 640 1836 accendit
649 1785 748 1838 amariae

90 1857 148 1921 Qd
160 1855 250 1918 fugitis,
263 1854 317 1902 socii
324 1851 335 1902 l
352 1868 394 1914 per
404 1870 447 1902 vos
457 1863 482 1902 et
494 1854 565 1902 fortia
575 1856 647 1914 futla,

87 1925 135 1972 Per
146 1921 211 1971 ducis
219 1921 324 1970 Evandri
336 1935 434 1978 nomen,
446 1921 583 1982 devitlaque
594 1919 666 1980 bella,
756 1955 759 1962 ·

87 1993 208 2052 Spemque
220 2001 308 2046 meam,
320 1986 410 2048 patriae
421 2002 482 2048 quae
493 2003 556 2035 nunc
567 1987 630 2036 subit
640 1983 732 2036 aemule
742 1983 833 2046 leudis,
884 2001 890 2021 '

86 2056 166 2106 Fidite
176 2071 207 2106 ue
215 2053 320 2118 pedibus.
339 2055 410 2102 Ferro
421 2054 552 2114 rumpenda
561 2069 605 2115 per
615 2053 691 2106 hostes
850 2061 852 2066 '

86 2122 130 2174 m
138 2124 185 2182 vie,
197 2137 246 2184 qua
253 2120 336 2183 globus
346 2117 385 2168 ille
394 2117 471 2168 virdm
479 2119 624 2168 denfiffimus
634 2129 716 2179 urget:

86 2191 140 2238 Hac
151 2205 202 2248 vos,
212 2198 237 2238 et
245 2184 355 2236 Pallanta
366 2187 449 2234 ducem
461 2187 537 2247 patria
548 2184 597 2234 alta
607 2185 715 2246 reposcit.

87 2255 195 2303 Numina
206 2251 271 2302 nulla
278 2261 404 2314 premunt:
422 2251 520 2302 mortali
529 2265 636 2312 urgemur
646 2253 676 2298 ab
686 2249 754 2300 hoste

29 2367 30 2372 ,
85 2319 215 2378 Mortales;
234 2319 336 2370 totidem
348 2319 417 2368 nobis
427 2319 566 2380 animaeque
576 2315 714 2378 manusque.

85 2387 157 2444 Ecce,
170 2385 241 2434 maris
251 2401 338 2445 magno
350 2384 439 2434 claudit
450 2401 494 2434 noe
504 2385 569 2434 obice
579 2392 681 2444 pontus:

83 2447 157 2495 Deest
165 2450 216 2510 jam
226 2461 288 2498 terra
299 2453 381 2511 fugae:
402 2450 510 2512 Pelagus,
526 2449 656 2512 Trojamne
668 2445 781 2510 petemus
791 2449 802 2502 l

83 2511 151 2559 Haec
162 2515 205 2571 ait,
215 2517 340 2564 etmedius
348 2517 431 2567 densos
442 2516 576 2579 prommpit
587 2516 612 2563 in
624 2513 711 2566 hostes.

82 2576 174 2646 Otbvius
183 2579 237 2646 lruic
248 2581 362 2638 primurn,
375 2583 431 2640 fatis
440 2585 553 2632 adductus
563 2582 660 2644 iniquis,

82 2637 123 2683 Frt
131 2639 223 2700 Lagus:
242 2643 316 2703 hunc,
330 2661 419 2714 magno
430 2647 497 2706 vellit
507 2651 564 2700 dum
575 2651 681 2710 pondere
692 2649 791 2709 suum,
890 2649 891 2654 ’
