1818 2914
189 63 640 144 Aruernorumque
688 71 745 135 ⁶035.
809 85 856 136 15⁹
899 125 900 130 ,

100 169 192 218 Verum
205 171 292 226 auc'eps
302 179 395 224 pugnae
405 165 483 212 iuerat
495 161 605 210 somma!
625 161 711 212 suiffct.

103 237 184 300 Qem
197 232 274 282 metui
282 227 414 278 moritura?
432 231 496 278 faces
507 230 532 276 in
544 228 617 278 castra
630 228 743 292 tuiiiiem,

16 293 22 326 *'
103 295 288 360 Impieiiemque
300 299 365 345 fores
378 295 490 352 flammis,
502 303 636 357 natumque
645 307 785 358 putremque

104 369 170 416 Cum
183 381 265 444 genere
277 361 425 412 exstinxem:
445 371 534 410 memet
543 362 611 423 super
622 361 671 424 ipsa
684 361 802 411 dedissem.

104 429 158 490 sol,
169 431 213 492 qui
223 439 339 480 terrarum
352 428 455 477 flammis
467 445 538 488 opera
549 429 630 477 omnia
641 427 733 488 iustius,

105 500 195 560 Tuque
206 497 308 546 harum
303 503 419 556 interpres
430 509 547 552 curarum
560 507 583 544 et
596 496 688 545 conscia
698 499 772 558 Jnno,

105 563 282 624 Nosturnisque
292 566 381 610 Hecate
393 561 469 610 triviis
480 558 570 610 ululata
581 579 622 624 per
633 565 710 622 urbes,

106 633 143 681 Et
151 629 228 678 Dirae
237 628 343 685 ultrices,
354 637 378 676 et
387 626 424 676 Di
436 628 560 682 morientis
569 626 658 687 Eiisae,
719 661 721 666 »

107 695 224 756 Accipite
234 693 302 754 haec,
315 695 472 756 meritumque
479 692 552 742 malis
564 695 680 745 advertite
690 706 789 756 numen,

107 766 145 814 Et
157 760 250 810 nostras
254 760 338 808 audite
346 776 438 821 preces.
459 761 483 808 Si
492 769 595 820 tangere
599 771 682 823 portus

76 855 82 868 ι
108 829 243 878 Infandum
254 836 334 888 caput,
346 843 373 874 ac
385 825 452 875 tetus
461 824 547 876 adnare
556 823 642 876 neeesse
654 827 696 884 est
776 865 781 869 .

108 899 144 945 Et
157 893 187 942 fic
199 895 250 942 fata
258 893 323 956 Jovis
335 891 443 954 poscunt,
456 893 495 940 lue
502 893 618 942 terminus
627 893 722 942 haeret:

110 965 150 1008 At
162 957 225 1008 bellu
236 962 330 1008 audacis
340 959 423 1020 populi
435 968 533 1008 vexatus
545 967 568 1008 et
581 963 662 1018 armis,

110 1026 209 1076 Finibus
220 1026 331 1084 extorris,
343 1023 472 1086 complexu
481 1024 572 1074 avulsus
584 1023 640 1082 iiiii,

111 1091 240 1142 Auxilium
252 1091 374 1154 imploret,
386 1092 512 1154 videatque
521 1092 618 1152 indigna
627 1093 721 1142 suorum

111 1163 218 1210 Funera·
238 1175 289 1218 nec,
302 1175 358 1208 cum
369 1157 392 1209 se
402 1159 443 1208 sub
457 1157 517 1219 leges
528 1160 593 1220 pacis
604 1159 700 1223 iniquae

110 1226 258 1284 Tradiderit,
270 1242 351 1287 regno,
364 1235 405 1274 aut
416 1235 463 1306 opt
449 1235 500 1278 teta
512 1223 563 1274 luce
574 1229 678 1285 fruatur3

112 1293 159 1342 Sed
167 1293 236 1342 cadat
247 1302 304 1342 aute
315 1293 387 1352 diem,
400 1283 524 1354 mediaque
536 1293 675 1344 inhumatus
686 1307 764 1344 arena.

109 1361 177 1408 Haec
187 1376 277 1420 preme,
287 1359 351 1408 hauc
358 1377 438 1408 vocem
449 1369 580 1418 extremam
589 1377 642 1408 eum
652 1361 762 1422 sanguiue
772 1363 855 1410 fundo.
899 1389 900 1394 =

109 1425 177 1473 sum
186 1443 237 1482 uos,
250 1423 352 1485 &Tyrii
366 1415 458 1484 stirpem
471 1436 494 1474 et
507 1439 579 1486 genus
591 1443 661 1474 omne
672 1431 779 1476 futurum

109 1494 228 1540 Exercete
239 1490 312 1545 odiis3
332 1490 449 1550 cinerique
460 1491 516 1536 haec
526 1492 617 1538 mittite
628 1492 706 1539 nostro
742 1507 745 1514 ¹
756 1527 760 1536 .

109 1560 230 1606 Munera·
249 1551 330 1600 nuilus
339 1557 407 1600 amer
419 1553 521 1614 populis,
533 1570 576 1602 uec
585 1558 678 1611 foedere
690 1558 767 1615 simio.

109 1622 227 1674 Exoriare
239 1617 326 1680 uliquis
337 1615 421 1667 nostris
431 1635 461 1666 ex
473 1620 556 1668 ossibus
567 1617 639 1678 ultor,

111 1689 161 1755 Qi
173 1691 233 1736 sace
229 1685 373 1734 Dardanios
384 1686 492 1747 ferroque
502 1687 597 1746 sequare
608 1685 712 1754 colonos,
760 1714 762 1716 ·

111 1759 193 1813 Nunc,
206 1752 275 1811 olim,
289 1768 431 1820 qunermque
443 1755 539 1800 dabunt
546 1753 567 1799 se
579 1763 686 1815 tempore
699 1755 772 1804 vires:

111 1822 196 1870 Litora
208 1812 317 1868 litoribus
327 1819 455 1878 contraria,
467 1820 573 1866 fluetibus
585 1823 660 1869 undas

111 1891 240 1964 impierum
252 1902 318 1935 anna
330 1886 415 1934 armis:
434 1896 542 1948 pugnent
554 1886 643 1949 ipsique
654 1898 760 1950 nepotes.

143 1957 208 2002 Haec
220 1953 264 2009 ait,
276 1963 300 2002 et
312 1961 391 2014 partes
402 1954 508 2002 animum
521 1954 644 2002 versabat'
639 1971 663 2002 m
675 1972 771 2016 omnes3

109 2019 214 2068 Invisum
226 2034 339 2080 quaemus
349 2019 526 2080 quamprimum
539 2022 678 2080 abrumpere
687 2020 771 2070 iucem.

108 2088 176 2134 Tum
189 2085 290 2134 breviter
297 2088 384 2133 Barcen
396 2086 511 2132 nutricem
525 2084 707 2144 affatasichaei;

108 2155 221 2214 Namque
233 2152 297 2204 suam
311 2152 388 2211 patria
399 2151 499 2210 antiqua
511 2149 570 2197 einis
581 2161 632 2199 ater
642 2151 760 2201 habebat:

107 2221 219 2278 Annam,
233 2234 295 2276 cara,
309 2217 378 2272 mihi,
391 2219 481 2272 nutrix,
495 2217 541 2263 huc
553 2215 603 2264 siste
615 2216 731 2266 sororem:

107 2285 158 2333 Dic
168 2299 251 2345 corpus
261 2293 371 2344 properet
383 2281 469 2330 fluviali
482 2284 588 2344 spargere
600 2282 708 2344 lympha,

107 2354 142 2399 Et
154 2352 252 2410 pecudes
264 2352 339 2399 secum
352 2359 376 2398 et
388 2348 519 2398 monstrata
532 2347 623 2410 piacula
635 2353 719 2400 ducat:

105 2417 146 2466 sic
157 2417 244 2468 ueniet.
263 2419 350 2476 Tuque
362 2415 410 2476 ipsa
420 2417 458 2476 pia
468 2425 521 2476 tege
530 2427 639 2477 tempora
647 2419 719 2466 uitta.

103 2487 177 2532 Sacra
184 2483 237 2546 Joui
248 2483 340 2543 Stygio,
351 2479 464 2543 quae'rit'e
472 2483 567 2543 incepta
578 2484 668 2542 parari,

103 2547 220 2597 Perfioere
232 2548 264 2596 est
276 2549 378 2606 animus,
391 2547 510 2609 finemque
522 2553 643 2609 imponere
653 2551 726 2609 curis;

101 2615 272 2676 Dardaniique
284 2631 367 2674 rogum
379 2615 463 2676 cupitis
474 2616 610 2674 permittere
623 2616 743 2666 flammam

103 2682 146 2729 Sic
160 2681 208 2744 eit:
228 2679 269 2730 iiia
281 2684 379 2742 gradum
390 2680 465 2730 studio
478 2679 593 2732 celerabat
605 2681 670 2730 anili.
730 2688 734 2692 '
757 2685 770 2690 ’“

456 2752 478 2798 0
497 2760 511 2796 2
558 2794 562 2804 ,
689 2749 701 2776 ·’
