1818 2914
88 70 134 136 198
202 73 454 124 aauarnos
487 75 573 122 mu.
601 73 643 121 vr.
693 85 750 140 sss.

86 168 233 220 Attulerint.
244 170 363 232 Pelagine
372 170 436 218 venis
446 169 562 218 erroribus
573 171 647 228 attus,

87 241 131 285 An
143 238 238 286 monitu
246 233 353 286 Divum?
370 251 400 282 an
413 251 474 296 quae
485 245 512 285 te
523 238 620 284 fortuna
631 236 727 298 fatigat,

88 308 123 353 Ut
134 303 211 371 tristes
222 303 268 353 sine
280 301 325 350 sole
336 303 428 359 domos,
440 303 493 350 loeo
504 301 606 360 turbida,
620 303 710 353 adires?

121 374 174 420 Hae
184 371 233 420 viee
244 370 375 421 sermonum
387 367 458 416 roseis
469 373 564 417 Aurora
575 370 696 431 quadrigis

87 441 143 502 Jam
156 437 257 486 niodum
267 434 372 482 aetherio
381 435 446 482 eursu
458 435 580 498 trajecerat
591 451 674 493 axem3
750 459 754 476 ι

88 508 122 554 Et
130 505 177 554 sors
186 517 255 550 omne
264 502 346 549 datum
358 501 481 550 traherent
490 517 532 563 per
543 499 599 550 talia
610 512 721 563 tempus:

88 573 134 622 Sed
145 583 221 618 cuntes
231 567 367 627 admonuit,
379 569 526 630 breviterque
534 567 605 617 assuta
614 567 702 630 Sibylla
714 567 764 618 ests

88 639 145 688 Nux
154 635 212 692 ruit,
224 637 320 693 Aenea3
339 651 384 683 nos
392 635 469 684 flendo
479 635 585 684 ducimus
594 635 670 684 horas.
744 653 754 691 t

86 699 135 752 Hic
147 697 212 749 loeus
221 699 263 760 cst,
276 709 356 763 partes
367 702 407 750 ubi
418 703 440 750 se
450 701 488 750 via
497 701 566 752 findit
579 703 604 750 in
615 705 709 752 ambas:

85 771 202 826 Dextera,
214 784 275 830 quae
284 769 351 818 Ditis
359 770 440 831 magni
449 769 490 818 sub
502 769 597 820 moenia
605 769 696 829 tendit3

86 837 140 884 Hae
149 835 195 884 iter
203 833 308 898 Elysium
318 837 399 886 nobis:
417 845 444 885 at
454 835 519 886 laeua
530 835 646 884 malorum

73 917 76 922 ·
86 904 190 952 Exercet
202 919 299 965 poenas,
309 905 374 952 etad
384 903 458 964 impia
464 905 565 952 Tartara
577 903 662 952 mittit,

87 969 232 1031 Deiphobus
243 981 340 1020 eontra:
360 973 398 1018 Ne
409 971 478 1028 saevi,
491 987 576 1031 magna
588 969 705 1018 sacerdos:

88 1037 226 1097 Discedam,
239 1036 339 1100 explebo
350 1053 484 1096 numerum,
496 1039 625 1098 reddarque
636 1036 747 1086 tenebris.

90 1105 101 1151 1
114 1104 192 1162 decus,
205 1105 223 1164 i,
236 1103 352 1162 nostrum
372 1102 506 1150 melioribus
515 1115 582 1152 utere
591 1102 653 1151 satis.
713 1121 715 1126 ’

90 1171 200 1220 Tantum
211 1169 300 1226 effatus,
314 1170 373 1217 etin
386 1171 457 1216 verbo
468 1167 562 1228 vestigia
574 1167 648 1216 torfit.

75 1233 97 1246 ''
125 1237 229 1298 Respicit
241 1240 335 1284 Aeneas
346 1234 434 1290 subit03
454 1243 479 1280 ct
489 1235 531 1280 sub
543 1247 601 1293 rupe
612 1233 702 1282 sinistra

89 1303 188 1354 Moenia
199 1300 331 1358 latauidet,
343 1298 430 1360 triplici
441 1299 585 1346 circumdata
597 1315 679 1346 muro:

91 1371 159 1434 Quae
170 1369 264 1430 rapidus
276 1367 377 1429 flammis
388 1365 463 1414 ambit
474 1366 618 1414 torrentibus
629 1363 706 1413 amnis

90 1437 217 1486 Tartareus
226 1432 384 1495 Phlegethon,
395 1441 538 1493 torquetque
549 1431 656 1480 sonantia
667 1431 730 1480 sana.

91 1506 166 1553 Porta
176 1502 282 1562 adversa,
291 1502 382 1563 ingens,
394 1497 514 1560 solidoque
524 1500 651 1548 adamante
662 1496 797 1557 columnae,

92 1571 135 1619 vis
145 1580 172 1619 ut
184 1567 249 1618 nulla
259 1566 347 1629 virium,
361 1583 409 1616 non
421 1565 463 1627 ipsi
475 1566 607 1614 exscindere
620 1567 680 1612 ferro
838 1561 845 1572 ‘

93 1635 225 1687 Coelicolae
235 1634 338 1684 valeant.
358 1639 411 1684 Stat
422 1636 496 1682 ferrea
507 1633 578 1681 turris
589 1633 619 1680 ad
630 1645 710 1682 auras:
779 1649 781 1654 ·

30 1761 36 1776 ἲ
92 1703 269 1766 Tisiphoneque
281 1703 369 1761 sedens,
380 1699 569 1762 palla‘suecintia
579 1703 684 1756 eruenta,

93 1769 238 1820 Vestibulum
249 1769 367 1818 exsomnis
379 1769 454 1815 serrat
466 1766 590 1826 hostesque
600 1765 701 1828 diesque.

95 1837 160 1886 Hinc
170 1836 274 1886 exaudiri
284 1834 393 1896 gemitus,
404 1843 429 1889 et
438 1834 504 1880 saeva
516 1832 596 1879 sonare

96 1906 209 1960 Verbera3
227 1913 279 1950 tum
294 1900 376 1948 stridor
387 1898 451 1956 serti,
463 1901 597 1960 trastaeque
609 1908 712 1947 catenae.

97 1969 323 2025 Gentiumque,
337 1965 505 2027 strepitumque
516 1965 642 2028 exterritus
654 1963 744 2013 hausit:

97 2037 165 2104 Qae
176 2035 283 2085 scelerum
297 2033 380 2083 facies?
400 2031 501 2094 duirgo,
513 2029 591 2090 effare,
604 2031 715 2093 quibusve
804 2039 810 2045 ‘

98 2108 219 2166 Urgeutur
230 2099 327 2166 poenis?
346 2101 388 2162 qui
399 2109 481 2150 tantus
492 2098 592 2160 plangor
603 2101 632 2146 ad
643 2095 726 2145 auras?

96 2172 163 2220 Tum
175 2181 240 2219 vates
252 2169 282 2220 stc
292 2168 343 2217 orsa
354 2167 433 2230 loqui:
452 2170 511 2214 Dux
523 2163 610 2226 inclyte
619 2161 750 2224 itucrdm,

99 2235 167 2285 Nulli
178 2241 214 2283 sas
226 2235 288 2284 cailo
300 2233 434 2284 sceleratum
447 2232 547 2280 insistere
558 2230 648 2279 limen:

99 2305 144 2350 Sed
155 2317 202 2359 me,
215 2304 269 2350 cium
282 2301 340 2350 lucis
352 2305 441 2350 Hecate
452 2299 564 2362 praefecit
575 2296 686 2354 Auernis,

99 2367 150 2426 lpsa
160 2365 240 2415 Dedm
253 2385 341 2428 poenas
353 2369 442 2424 docuit,
455 2382 542 2428 perque
553 2363 633 2414 omnia
644 2355 721 2412 duxit.

100 2431 200 2480 Gnosius
212 2433 269 2481 haec
279 2434 479 2483 Rhadamanthus
489 2431 562 2482 habet
572 2429 690 2481 duriffima
701 2445 786 2493 regna,

99 2495 249 2555 Castigatque
259 2493 373 2560 auditque
384 2499 464 2558 dolos3
484 2499 615 2560 subigitque
626 2497 705 2558 lateri,

99 2559 693 2684 ‘ssaussaiusutu

100 2685 221 2734 ‹Iontinuo
232 2689 310 2742 sontes
320 2693 395 2746 utu-u
406 2649 510 2748 aestiua
523 2697 614 2760 sagello
