1806 2912
66 123 86 153 o
148 69 403 126 Aeueluos
436 64 610 114 Ltufflr.
662 72 719 122 177.
771 72 817 120 με

7 151 10 250 l
77 163 157 246 Quin
170 185 269 240 propter
280 174 348 236 potui
359 180 442 220 tantos
453 171 556 232 perferre
567 166 672 216 labores:
686 173 687 176 ’

76 251 110 296 Et
121 255 191 309 pater
201 242 364 302 omnipotens,
377 247 402 287 et
411 247 438 287 tu
447 235 556 286 Saturnia
566 237 642 299 Jun03
702 275 704 284 ,

77 318 130 378 Jam
145 310 236 368 melior,
246 309 306 371 jam,
319 307 392 364 Diva,
405 319 501 364 precor:
520 309 604 362 tuque,
616 297 705 361 inclyte
713 301 820 357 Mavors,

78 382 168 428 Cuncta
179 389 222 426 tuo
234 375 275 436 qui
288 371 358 429 bella,
371 381 448 432 pater,
460 369 501 418 sub
513 369 611 416 numine
622 377 735 428 torquete
757 398 763 406 -

77 449 97 494 F
98 445 210 505 ontesque
217 440 346 501 fluviosque
355 453 423 495 voco,
436 451 543 504 quaeque
552 434 653 484 aetheris
664 431 708 482 alti

7 543 9 568 a
49 541 52 546 ι
80 510 190 570 Religio,
203 519 227 557 et
239 524 300 570 quae
310 501 416 554 caeruleo
427 502 482 550 sunt
494 502 593 549 numina
604 510 695 562 ponto:

7 575 9 632 l
79 573 176 624 Ccslerit
188 574 295 621 Ausonio
308 571 323 618 si
336 574 384 617 sors
394 567 493 616 vislerio
501 569 598 626 Turum
647 599 648 602 =

80 642 197 690 Convenit
205 639 310 688 Evandri
322 637 394 684 victos
406 635 521 684 discedere
530 637 562 682 ad
573 637 675 691 urbeme
718 647 721 651 ’

80 709 154 756 Cedet
167 705 231 754 [ulus
242 705 315 764 agris3
335 719 378 752 nec
390 701 443 764 post
454 719 520 750 arma
531 699 580 749 ulla
591 699 689 749 rebelles

80 774 208 821 Aeneadae
220 773 330 828 reserent,
342 771 433 818 serrote
444 769 504 816 haec
515 785 586 828 regna
597 765 716 828 lacessent.

80 840 122 887 Sin
135 836 239 884 nostrum
251 837 359 885 annuerit
371 836 440 884 nobis
449 835 548 882 vistoria
560 838 674 892 Martem,

7 947 8 950 ,
81 907 130 966 (Ut
143 904 223 964 potius
233 919 294 960 reor,
305 915 329 952 et
341 903 421 964 potius
429 901 466 950 Dl
477 901 574 949 numine
584 899 693 963 firment)

81 974 138 1018 Non
150 987 201 1030 ego,
214 986 257 1018 nec
265 971 364 1018 Teucris
376 967 448 1018 ltalos
460 983 540 1029 parere
549 967 646 1030 jubebo,

80 1040 133 1084 Nec
145 1037 203 1084 mihi
215 1052 286 1096 regna
295 1047 364 1097 pet03
384 1036 479 1108 paribus
490 1035 512 1082 se
523 1033 613 1094 legibus
624 1035 708 1080 ambae

7 1139 8 1160 2
80 1102 184 1149 luvistae
195 1115 276 1163 gentes
287 1102 524 1150 aeternainfoedera
536 1102 645 1149 mittant.
679 1119 682 1122 ·

17 1217 20 1224 ,
82 1171 153 1216 Sacra
161 1169 270 1230 Deosque
281 1170 357 1218 dabo:
376 1169 440 1218 socer
451 1181 517 1218 arma
525 1167 629 1216 Latinus
636 1166 738 1224 habet03

7 1235 9 1300 ζ
81 1234 211 1294 Imperium
222 1234 315 1286 solenne
323 1237 400 1286 socer:
420 1234 587 1285 mihimoenia
595 1233 683 1284 Teucri
708 1233 711 1245 “

7 1307 8 1322 ’
27 1313 30 1322 ·
81 1299 242 1361 constituent,
253 1303 352 1364 urbique
361 1304 429 1352 dabit
436 1303 539 1350 Lavinia
551 1317 648 1350 nomen.

114 1367 152 1414 Sic
162 1369 228 1427 prior
237 1373 345 1416 Aeneas:
364 1367 472 1428 sequitur
479 1367 509 1416 stc
518 1369 602 1418 deinde
611 1368 726 1428 Latinus,

24 1473 27 1478 .
81 1431 724 1502 euspiciuscoelam,tenuequeaasnaraueetram=
809 1453 811 1456 ·

82 1507 149 1554 Haec
160 1505 251 1561 eadem,
265 1505 357 1560 Aenea}
365 1499 468 1559 terram,
484 1516 557 1560 mare,
570 1499 652 1560 fidera,
661 1503 726 1564 juro,
759 1547 761 1552 ,

7 1599 8 1604 =
82 1573 240 1630 Latonaeque
251 1583 324 1629 genus
334 1565 432 1628 duplex,
445 1569 580 1630 Janumque
591 1569 732 1628 bifrontem,

7 1637 9 1646 ’
82 1639 187 1698 Vimque
198 1633 280 1684 Dellm
291 1634 418 1692 infernam,
432 1643 456 1682 et
466 1633 519 1680 duri
529 1633 626 1696 sacraria
635 1634 715 1690 Ditis:

7 1739 10 1766 ,
83 1703 178 1752 muniat
189 1702 247 1750 haec
255 1701 357 1762 genitor,
370 1700 412 1762 qui
424 1701 517 1748 foedera
528 1697 628 1748 fulmine
637 1700 720 1748 sancit.

83 1769 170 1828 Tango
182 1764 243 1826 arde,
254 1766 389 1828 medioswe
398 1769 471 1827 ignes,
482 1775 506 1814 et
516 1765 615 1813 numina
623 1765 709 1824 tesbon

7 1885 8 1888 ,
84 1834 158 1909 Nullp
168 1833 216 1882 dics
227 1849 308 1894 pacem
321 1833 384 1882 hanc
393 1831 459 1881 ltalis
470 1847 514 1880 nec
525 1833 619 1880 foedera
628 1841 732 1893 rumpet,

7 1911 19 1938 ’ί
85 1901 141 1964 Qo
152 1917 189 1948 res
199 1915 291 1961 cunque
303 1903 402 1949 cadent:
422 1915 466 1947 nec
477 1915 516 1946 me
524 1898 559 1946 vis
571 1896 619 1946 ulla
627 1897 749 1949 volentem

7 1949 9 2018 l
84 1969 201 2013 Avertet:
221 1982 280 2022 non,
293 1965 427 2014 sitellnrem
439 1965 545 2014 effundat
556 1965 581 2013 in
593 1967 668 2014 undas

7 2071 9 2088 ,
75 2029 184 2080 .Diluvio
196 2031 302 2096 miscens,
316 2030 435 2078 coelumne
445 2033 470 2078 in
479 2030 580 2084 Tartara
593 2030 681 2080 solvat:

7 2145 8 2150 ,
19 2145 34 2168 ⁸
85 2102 121 2146 Ut
133 2097 249 2158 sceptrum
260 2096 306 2143 lroc
316 2097 412 2208 {dextra
421 2097 538 2156 sceptrum
548 2113 604 2144 nam
615 2099 676 2145 forte
685 2099 792 2161 gerebat)

7 2221 8 2224 Ἰ
84 2165 218 2224 Nunquam
228 2163 312 2210 fronde
330 2161 367 2208 evi
378 2163 462 2210 fundet
474 2161 575 2223 virgulta
588 2177 630 2211 nec
639 2167 747 2224 umbram
768 2170 773 2180 “

7 2225 8 2248 ¹
85 2232 148 2278 Cum
159 2225 263 2278 semel‘in
271 2225 341 2290 sylvis
353 2228 401 2275 imo
413 2228 442 2276 de
455 2223 523 2290 stirpe
535 2229 633 2276 recisum
826 2225 828 2232 “

7 2271 9 2348 l
84 2299 165 2344 Matre
176 2306 249 2354 earet,
261 2295 387 2356 posuitque
398 2309 477 2342 conns
488 2305 512 2342 et
525 2295 619 2342 brachia
630 2299 705 2355 ferro;

84 2361 149 2410 Olim
163 2365 240 2428 arbps,
255 2376 318 2409 nunc
328 2359 425 2409 artificis
437 2377 520 2408 manus
531 2377 583 2409 aere
594 2363 678 2410 decoro

85 2426 190 2487 lnclufit,
203 2427 430 2489 patribusquevdedit
442 2427 528 2487 gestare
539 2421 643 2480 Latinis.
709 2481 711 2488 ,

84 2493 184 2543 Talibus
196 2495 258 2542 inter
268 2493 290 2541 se
300 2493 428 2542 firmabant
439 2495 532 2544 foedera
542 2495 609 2543 dislis

85 2561 250 2620 Conspectum
262 2561 340 2608 medlo
351 2575 488 2621 procerum:
509 2571 561 2609 tum
571 2561 616 2610 rite
627 2562 727 2610 sacratas

86 2628 113 2672 ln
126 2628 245 2674 flammam
255 2625 364 2688 jugulant
373 2629 481 2688 pecudes,
494 2637 519 2675 et
530 2628 615 2675 viscera
624 2627 682 2673 vivis

7 2699 13 2760 p
86 2693 206 2754 Eripiunt,
218 2693 387 2756 cumulantque
398 2693 501 2744 oneratis
513 2692 619 2741 lancibus
629 2705 688 2740 arae.

686 2799 896 2876 ·t
