1818 2914
166 59 691 123 nann‚1nosnrn.v.592.
777 69 833 120 177·
883 31 886 33 ’

83 169 154 218 Haud
165 165 234 216 aliter
244 163 363 215 Teucrum
376 165 428 214 nati
440 163 534 225 vestigia
545 163 611 213 cursu
637 218 638 222 Ἰ

83 234 231 294 Impediunt,
242 241 376 294 texuntque
388 235 454 293 fugas
465 241 489 280 et
501 229 590 292 proelia
601 229 678 288 ludor-

82 299 231 362 De‘lphinum
244 298 338 358 similes,
352 297 393 360 qui
405 314 447 358 per
458 299 531 346 maria
543 297 641 345 humida
652 299 733 346 nando
776 309 782 314 ”

53 381 59 392 ·
84 366 241 428 Carpathium
252 366 419 428 Libycumque
429 365 516 424 secant,
530 362 663 426 luduntque
674 365 808 424 pecudea
897 349 898 444 l

84 437 155 482 Hunc
166 447 256 480 morem
269 433 356 491 cursus,
368 443 441 493 atque
452 429 510 480 haec
520 431 652 481 'certamina
663 431 754 492 primus

29 533 33 542 .
85 499 210 557 Ascanius,
222 502 332 560 Longam
345 499 418 546 muris
429 499 484 546 ciam
496 499 598 558 cingeret
607 496 710 558 Albam,

86 563 202 624 Rettulit3
222 575 248 614 et
260 565 346 626 priscos
356 562 562 614 docuit‘celehrare
571 567 682 614 Latinos.

112 648 142 678 uo
153 648 210 692 puer
221 632 269 692 ipse
281 633 361 689 modo,
375 631 450 685 secum
460 635 509 692 qrio
517 633 592 680 Troia
604 634 691 692 pubest

85 701 111 746 A
122 697 178 745 bani
188 695 287 745 docudre
297 695 370 746 suost'
378 698 438 758 <hinc
450 697 555 744 maxima
567 711 637 758 porro
778 701 779 708 ’

85 764 191 824 Accepit
203 767 291 820 Roma,
304 771 328 812 et
339 764 441 824 patrium
454 764 551 812 servavit
564 763 693 812 honorem:

10 857 12 880 τ
84 830 207 892 Trojaque
218 845 289 887 nunc,
303 829 376 890 pueri,
387 831 519 892 Trojanum
530 831 617 878 dicitur
627 845 720 890 agmen.

118 901 171 946 Hac
182 893 297 945 celebrata
309 908 377 944 tenus
389 897 468 944 santio
477 897 606 944 certamina
618 897 689 956 patri.

84 961 134 1011 Hic
146 963 248 1024 primum
261 965 358 1011 fortuna
371 961 441 1012 fidem
453 971 547 1010 mutata
556 963 663 1011 novavit.

10 1047 12 1080 r
85 1031 153 1078 Dum
165 1029 233 1078 variis
245 1027 340 1080 tumulo
351 1033 455 1077 rcienmt
467 1027 571 1078 solennia
582 1027 652 1090 ludia,
743 1050 747 1062 =

10 1091 12 1100 ’
28 1117 31 1125 ⁴
86 1095 145 1144 lrim
157 1095 186 1142 de
196 1095 260 1144 coelo
273 1093 336 1145 mifit
348 1093 458 1144 Saturnia
470 1098 534 1160 Juno

18 1165 24 1176 ¹
87 1159 183 1208 iliacam
195 1163 225 1209 ad
231 1159 479 1225 ‚classemsventosque
490 1163 578 1224 aspirat
588 1161 665 1221 eunti,

86 1225 167 1276 Multa
180 1243 284 1288 movens,
297 1232 397 1280 necdum
409 1231 536 1290 antiquum
548 1230 652 1280 saturata
663 1228 778 1280 dolorem.

10 1331 12 1344 ,
86 1291 130 1340 Ilia
142 1294 203 1342 viam
216 1293 318 1344 celerans
329 1313 370 1358 per
381 1295 447 1345 mille
458 1294 584 1346 colloribus
595 1314 685 1358 arcum,

10 1397 12 1404 ,
85 1356 159 1420 Nulli
166 1361 220 1420 visa,
233 1363 282 1412 cito
293 1365 395 1412 decurrit
407 1364 505 1413 tramite
517 1365 596 1424 Virgo.

85 1425 208 1484 Conspicit
219 1427 340 1486 ingentem
352 1431 499 1486 concursum,
511 1439 535 1478 et
547 1430 618 1477 litora
629 1428 725 1490 ludat,-

10 1505 12 1542 τ
83 1489 244 1549 Desertosque
255 1490 320 1538 videt
331 1501 421 1550 portus,
434 1490 574 1552 classemque
586 1491 698 1544 relictam.

10 1599 12 1610 ,
84 1559 127 1604 At
139 1551 222 1615 procul
233 1555 259 1600 in
271 1553 318 1602 sola
330 1555 427 1604 steretae
436 1558 542 1605 Troades
553 1559 604 1604 atta

10 1613 11 1624 ¹
38 1637 45 1646 ·
83 1617 209 1672 Amissum
220 1619 342 1667 Anchisen
354 1623 455 1679 flebant3
475 1624 616 1684 cuntlaeque
628 1627 773 1684 profundum
800 1674 802 1680 ,

84 1691 193 1738 Pontum
206 1685 356 1747 aspectabant
366 1687 463 1736 flentes:
483 1685 551 1747 Heus
557 1698 595 1738 tot
607 1692 667 1737 vada
678 1691 747 1752 soliis,

84 1749 226 1802 Et'tantum
239 1751 349 1813 superclio
360 1755 443 1802 maris!
462 1771 509 1804 vox
521 1756 632 1808 omnibus
641 1773 698 1806 una.

85 1817 177 1868 Urbem
189 1827 273 1877 orant;
292 1822 371 1869 taedet
382 1819 459 1884 pelagi
468 1823 565 1883 perferri
577 1820 690 1874 laborem·

84 1887 150 1944 Ergo
161 1885 222 1932 inter
233 1885 321 1934 medias
333 1886 386 1946 sese,
399 1887 462 1938 haud
474 1889 556 1950 ignara
568 1891 678 1950 nocendi,

84 1950 200 2012 Conjicit,
212 1961 237 1999 et
248 1953 378 2014 faciemque
384 1957 455 2022 ‘Deae
467 1955 601 2018 vellemque
614 1959 718 2018 reponit.
781 1963 787 1966 “

84 2015 125 2065 Fit
138 2019 219 2076 Βεωὲ,
233 2018 320 2066 ismarii
332 2020 420 2081 conjux
431 2020 544 2082 longaeva
556 2023 669 2084 Dorycli3

84 2083 131 2132 Cui
144 2098 225 2144 gertus,
237 2094 260 2134 et
272 2089 393 2146 quondam
404 2103 501 2143 nomen,
512 2089 610 2148 natique
620 2087 728 2136 fuiss'ent:
814 2095 818 2100 ”
897 2133 898 2142 ,

83 2152 127 2197 Ac
138 2147 169 2198 fic
180 2151 346 2200 Dardanidiam
359 2153 463 2200 mediam
475 2153 497 2200 se
506 2154 622 2202 matribus
633 2154 720 2202 insert:

84 2219 107 2264 0
122 2216 223 2274 miserae,
237 2233 295 2278 quas
308 2233 356 2266 non
366 2235 459 2276 manus,
472 2218 561 2280 inquit,
572 2219 681 2268 Achaica
692 2218 755 2269 bello

83 2279 238 2332 meeritad
249 2283 342 2332 lethum
355 2285 444 2346 patriae
456 2285 496 2334 sub
507 2286 642 2336 moenibus!
662 2283 745 2349 ὅμως

83 2346 183 2398 Infelix!
202 2351 240 2397 cul
251 2361 276 2399 te
286 2351 361 2399 exitio
370 2355 467 2400 fortuna
478 2351 593 2401 rel‘ervat?

82 2414 191 2474 Septima
202 2415 254 2476 post
265 2417 352 2480 Trojae
363 2418 480 2470 excidium
490 2419 541 2481 jam
553 2419 652 2468 vertitur
663 2419 748 2480 aelian

82 2483 148 2528 Ciam
158 2483 228 2540 freta,
240 2483 294 2530 ciem
304 2493 377 2532 terras
386 2501 477 2546 omnes,
490 2493 527 2534 tot
539 2485 659 2548 inhospita
670 2487 734 2546 saxu,

81 2546 211 2607 Sideraque
222 2550 326 2597 emensae
338 2551 448 2600 ferimur:
468 2555 525 2600 dum
537 2569 579 2614 ρετ
591 2569 654 2602 mare
667 2566 781 2614 magnum
897 2607 898 2610 ,

80 2610 177 2660 ltaliam
191 2613 311 2676 sequimur,
319 2619 458 2677 fugientem,
471 2629 496 2668 et
508 2617 624 2668 volvimur
635 2621 712 2667 undis.
804 2667 807 2672 ,
897 2611 898 2670 l

69 2675 130 2732 Jrle
140 2679 223 2740 Erycis
234 2679 291 2732 fines
302 2683 410 2746 fraterni,
423 2695 495 2749 atque
506 2684 591 2748 hospes
597 2684 705 2734 Acestes.
797 2693 807 2702 “
