1806 2912
91 51 641 108 312.AENElnosnln.x1;
691 69 747 120 750.

92 151 196 203 Sullinet
209 153 316 218 {jugulo
327 155 443 216 dcimam,
456 165 480 205 et
486 157 536 221 pim
546 157 635 209 viribus
643 161 701 210 exit.
741 179 745 192 ⁴

92 221 176 281 thue
187 219 270 270 robus
278 221 327 272 alte
335 232 429 282 raptum
440 223 494 270 cum
504 221 569 272 fulva
576 227 702 275 draconem

89 285 144 336 Fert
157 285 246 350 aquila,
259 286 422 348 implicuitque
432 291 511 348 pedes,
520 298 594 354 atque
601 295 717 355 unguibus
723 294 815 348 haesit:

89 355 187 403 Saucius*
194 365 219 404 at
228 355 318 416 [σφωε
330 351 419 402 sinuosa
427 353 550 404 uolumina
558 357 643 420 versit,

88 421 325 483 Arretlisquebontt
334 419 448 480 squamis,
460 431 484 470 et
496 421 572 473 sibilat
584 441 634 485 ore,

88 491 187 537 Arduus
197 488 324 546 insurgens3
345 485 386 534 illa
394 486 544 539 haudminus
553 501 620 553 urget
628 495 723 544 obunco

85 554 227 604 Lusiantcm
238 541 335 612 rossrol'
345 548 414 604 ssmul
426 556 520 605 aethera
530 560 638 610 verberat
650 559 702 610 alis.

86 621 158 670 Haud
168 619 235 669 aliter
246 622 359 681 praedam
370 619 501 672 Tiburtum
512 641 543 672 ex
554 627 650 686 agmirre
656 628 771 678 Tarchon

85 687 170 736 Portet
180 702 262 735 orans.
283 689 359 738 Ducis
370 689 506 752 exemplum
516 702 676 756 eventumque
687 695 759 746 secuti

21 815 24 822 .
83 753 224 806 Maeonidae
235 755 368 806 incurrunt.
388 757 452 806 Fatis
462 768 514 806 tum
527 759 621 810 debitus
632 765 718 812 Aruns

82 819 192 869 Velocem
201 819 291 885 jaculo,
303 833 328 874 et
339 823 417 874 multa
428 827 492 886 prior
500 835 550 876 arte
559 825 690 878 Camillam

82 887 181 948 Circuit,
192 899 227 952 et,
239 907 299 954 quae
308 889 338 940 srt
349 894 447 942 fortuna
458 891 580 955 facillima,
592 905 680 946 tentat.

82 955 137 1022 Q¹²
147 954 170 1005 se
181 973 276 1021 cunque
287 959 366 1010 furens
378 961 457 1008 medio
467 959 525 1010 tulit
533 963 627 1023 agmine
637 963 712 1025 rugo,

80 1023 134 1072 Hac
143 1026 228 1075 Amne
239 1025 310 1086 subit,
322 1035 347 1076 et
357 1028 445 1077 tacitus
455 1026 550 1091 vestigia
561 1027 658 1079 lustrat:

81 1090 137 1156 Qu
146 1091 232 1142 visitis
243 1093 304 1142 redit
315 1092 365 1154 illa,
377 1097 510 1157 pedemque
520 1111 550 1144 ea
561 1095 627 1144 hoste
636 1105 751 1158 reportat,

80 1159 135 1207 Hae
143 1158 236 1222 juvenis
247 1160 331 1208 sintina
342 1151 427 1210 celeres
437 1163 563 1222 detorquet
575 1163 687 1211 habenas.

79 1227 134 1274 Hos
144 1227 232 1286 aditus,
241 1227 340 1288 jamque
350 1226 394 1274 hos
405 1228 493 1285 aditus,
505 1243 650 1287 omnemque
662 1241 770 1290 pererrat

80 1293 195 1355 Undique
206 1293 339 1352 circuitum,
351 1302 375 1342 et
384 1301 473 1340 certam
483 1292 561 1354 quatit
571 1293 694 1354 improbus
701 1295 805 1344 hastam.

12 1389 13 1394 =
80 1361 153 1408 Forte
163 1360 225 1408 sacer
236 1357 338 1422 Cybelae
343 1357 468 1417 Chloreus,
480 1358 710 1422 olimquesaeerdos‚
839 1363 841 1374 '

78 1425 178 1490 Insignis
190 1426 260 1488 longe
270 1425 380 1490 Phrygiis
392 1425 498 1489 fulgebat
508 1426 534 1474 in
545 1425 627 1486 armis,

79 1497 286 1556 Spumantemque
297 1495 402 1556 agitabat
413 1510 515 1558 equum:
535 1509 606 1555 quem
619 1491 687 1556 pellis
697 1494 780 1546 ahenis

79 1564 110 1612 lu
121 1561 230 1624 plumam
241 1563 345 1624 squamis
354 1578 412 1610 auro
420 1561 526 1612 conserta
535 1562 640 1623 tegebat.

79 1629 141 1692 lpse,
154 1629 276 1692 peregrina
287 1631 404 1692 ferrugine
414 1627 490 1678 clarus
500 1637 525 1678 et
534 1627 606 1689 olim,

79 1695 175 1762 Spicula
185 1697 312 1759 torquebat
323 1697 400 1758 Lycio
412 1696 532 1760 Gortynia
542 1709 624 1744 cornu.
641 1706 645 1715 ’

79 1768 175 1814 Aureus
186 1779 216 1813 ex
227 1763 332 1814 humeris
342 1764 410 1814 sonat
421 1777 497 1824 meus,
509 1773 534 1813 et
545 1778 615 1812 auree
625 1761 675 1813 vati

79 1830 182 1889 Caffida3
197 1841 250 1880 tum
260 1847 365 1878 croceam
374 1830 573 1892 chlamydemque
584 1829 692 1892 sinusque
703 1839 822 1894 crepantes

79 1897 205 1946 Carbaseos
215 1895 280 1945 sulm
292 1896 317 1944 in
328 1897 418 1945 nudum
431 1895 555 1956 eollegerat
565 1911 636 1954 aur03
766 1925 771 1930 -
888 1903 889 1944 l

79 1964 159 2014 maus
168 1979 211 2012 acu
221 1963 322 2023 tunicas,
335 1971 358 2012 et
367 1964 467 2012 barbara
476 1961 584 2024 tegmina
594 1975 698 2014 nurum.

78 2033 151 2081 Hunc
159 2033 242 2092 Virgo,
254 2029 299 2079 sive
310 2041 339 2080 ut
350 2028 446 2093 templis
455 2029 593 2092 praefigeret
605 2046 671 2080 arma

78 2099 272 2161 Tiora'captivo
284 2096 329 2146 slve
339 2107 366 2148 ut
378 2098 400 2146 se
411 2101 482 2148 ferret
492 2099 517 2146 in
528 2113 596 2163 auro,

77 2165 205 2226 venatrix,
217 2178 292 2214 unum
304 2182 334 2214 ex
345 2165 412 2214 omni
424 2163 552 2216 certamine
563 2179 656 2224 pugnae

77 2233 155 2280 Caeca
165 2233 318 2295 sequebatur;
337 2242 466 2295 totumque
477 2232 571 2282 incauta
582 2246 624 2292 per
635 2245 720 2292 agmen
885 2261 886 2323 q

77 2297 191 2356 Femineo¹
200 2303 301 2360 praedae
311 2310 335 2350 et
345 2298 472 2361 spoliorum
482 2301 578 2348 ardebat
590 2312 678 2345 amore.

73 2359 161 2410 Telum
172 2381 203 2412 ex
214 2365 303 2415 insidiis
312 2369 367 2418 caim
379 2370 477 2417 tandem
485 2375 593 2428 tempore
604 2373 676 2424 capto
882 2359 885 2449 4

73 2427 188 2488 conjicit,
201 2441 226 2480 et
234 2436 335 2494 Superos
344 2439 429 2484 Aruns
438 2434 470 2482 fic
479 2449 536 2482 voce
547 2439 669 2494 precatur:

73 2491 173 2542 summe
181 2497 274 2558 Defim,
287 2501 360 2549 saneti
371 2500 448 2551 custos
459 2500 560 2550 suauis
567 2495 669 2560 Apollo,
779 2557 784 2564 ὴ

74 2553 152 2616 Qum
165 2559 239 2618 primi
250 2563 359 2626 colimus,
372 2568 409 2616 cui
422 2570 505 2630 pineus
516 2567 586 2616 ardor
596 2579 679 2614 acervo

72 2616 193 2690 P‘s‘iivfi
213 2637 237 2674 et
249 2631 354 2679 medium
368 2634 424 2683 freti
434 2635 523 2696 pietate
536 2632 669 2696 perignem

104 2677 182 2734 ltom
192 2689 272 2745 muita
282 2699 414 2758 premimus
424 2699 520 2764 uestigia
531 2715 619 2762 pransu
638 2695 639 2702 ’
