1806 2912
59 47 111 95 310
160 9 534 94 Aruernorum
564 43 718 114 X171672.

58 133 127 182 Dum
138 134 210 196 subit,
223 153 251 186 ac
262 140 373 188 dextram
383 135 473 186 libenti
485 137 563 186 tendit
574 137 684 196 inertem,

58 200 202 261 Praecipites
213 204 348 265 pariterque
358 211 437 252 ruunt.
457 204 504 250 His
514 203 582 252 addit
593 201 735 253 Amastrum

56 265 228 328 Hippotaden:
247 269 397 332 sequiturque
407 269 548 318 incumbens
555 271 647 319 eminus
657 269 734 330 haila,

56 332 190 396 Tereaque,
202 334 416 397 Harpalycumque,
428 345 454 385 et
462 335 652 398 Demophoonta
663 337 809 386 Chromini-

58 400 174 465 Qotque
184 399 262 450 emilia
270 417 343 450 manu
353 401 468 452 contorsit
478 401 566 464 spicula
577 401 651 464 virgo,
712 408 717 414 '
727 409 807 470 [quer

56 466 108 516 Tot
118 469 213 530 Phrygii
225 463 325 516 recidite
336 467 388 516 riri.
408 465 495 518 Procul
504 473 610 532 Ornytus
620 469 694 520 armis

56 534 157 596 ignotis,
169 543 192 582 et
203 549 264 594 equo
274 543 376 583 venator
385 537 472 599 Iapyge
483 539 574 586 ferturt
599 535 612 554 ¹

56 601 102 648 Cui
111 597 178 661 pellis
187 595 247 648 latos
258 599 370 650 humeros
379 611 461 664 erepta
467 602 572 666 juvenco

56 667 185 728 Pugnaton'
196 667 286 728 operit3
303 680 376 730 capnt
388 670 470 730 ingens
481 671 529 719 oris
537 671 627 730 hiatus,

48 735 89 792 ‚Et
98 732 172 782 malae
181 733 262 783 texite
272 733 386 797 lupi-curn
396 737 506 798 dentibus
518 735 588 798 albis,

55 797 207 862 Agrestisque
215 815 300 851 manns
309 813 387 854 armat
398 803 486 866 sparus.
506 805 556 866 ipse
568 805 671 854 catervis

54 867 161 916 Vertitur
169 867 300 928 inmediie,
312 878 336 920 et
348 879 404 920 toto
414 871 501 922 vertice
512 871 580 934 supra
592 871 632 922 eli.

53 935 125 984 Hunc
137 931 179 984 illa
193 946 321 999 exceptum
334 939 423 1000 (neque
431 938 496 988 urim
508 937 575 988 labor
586 939 678 1000 agmine
688 936 766 1000 serso)

53 999 166 1064 Traiicit,
183 1011 208 1051 et
220 1003 288 1066 super
298 1003 356 1054 brec
364 1004 462 1054 inimico
473 1007 565 1068 petiere
574 1007 652 1056 intur:

55 1065 132 1134 Sylrie
140 1077 176 1128 be,
186 1070 320 1132 Tyrrheqe,
333 1073 394 1122 seras
402 1073 491 1132 agitare
500 1069 605 1134 putiili?

54 1134 165 1184 Advenit
178 1137 220 1198 qui
229 1135 301 1187 vestra
310 1138 368 1201 dies,
380 1137 533 1186 muliebribus
543 1139 624 1196 armis,
633 1170 636 1174 -

53 1201 132 1250 Verba
142 1202 303 1266 redarguente
322 1219 409 1252 nomen
418 1213 498 1252 tamen
506 1203 570 1251 haud
581 1202 630 1250 leve
637 1213 736 1266 patrum

54 1267 224 1318 Manibus-hoc
234 1269 327 1328 reseres,
340 1266 388 1320 telo
398 1265 503 1316 cecidisse
511 1267 633 1318 Camillae,

55 1335 168 1384 Protinus
176 1331 332 1402 Orfilochum,
345 1344 369 1384 et
380 1336 466 1392 buten,
475 1335 522 1382 duo
533 1330 771 1384 maximaTeucrirm

55 1402 177 1463 Corpore,
193 1401 233 1464 sed
242 1404 318 1450 Buten
326 1401 432 1453 auersum
441 1400 534 1462 cuspide
543 1400 607 1462 figit,-
664 1441 669 1445 .
725 1413 728 1420 ⁴

55 1469 170 1530 Loricam
182 1467 320 1530 galeamque
328 1467 400 1527 inter,
412 1484 461 1530 qua
471 1465 533 1516 colla
542 1462 659 1516 sedentis*

56 1535 161 1594 Lucem,
174 1545 198 1584 et
206 1534 272 1584 laevo
281 1535 399 1598 dependet
408 1549 490 1596 parma
501 1531 589 1584 lacerto
599 1551 616 1596 t

57 1599 207 1652 Orfiloehurn
218 1602 318 1664 fugiens,
330 1617 490 1664 magnumque
500 1601 590 1662 agitata
599 1617 640 1664 per
647 1602 742 1660 orbem,

56 1665 142 1719 Eludit
153 1686 212 1732 gyro
223 1670 330 1728 interior,
341 1669 492 1732 sequiturque
502 1669 647 1730 sequentem.

56 1735 123 1784 Turn
132 1736 235 1784 validam
245 1749 333 1798 perque
342 1736 465 1786 armariro
477 1751 565 1797 perque
577 1733 624 1784 olla
635 1733 745 1794 securim,

58 1799 144 1852 Altior
152 1801 280 1864 insurgens,
292 1803 380 1861 oranti,
393 1811 418 1852 et
426 1799 504 1852 multa
513 1802 619 1864 precanti

59 1863 233 1930 congeminat:
253 1867 337 1916 uulnus
348 1868 424 1917 calido
432 1870 494 1928 rigat
502 1885 544 1916 orn
552 1869 660 1916 cerebro,

60 1935 146 1986 Incidit
156 1934 220 1994 huic,
232 1934 356 1996 subitoque
367 1933 460 1995 aspectu
471 1933 568 1983 territus
577 1932 653 1984 haene

61 1999 251 2066 Apenninicolae
259 1999 361 2050 bellator
371 1999 433 2050 filius
440 2001 522 2059 Auni3

60 2070 257 2133 HaudLigumm
267 2077 396 2128 extremus,
406 2070 465 2118 dum
473 2066 554 2116 fellere
563 2070 615 2118 fata
622 2066 737 2116 sinebant.

61 2137 130 2199 lsqne
141 2138 182 2186 ubi
191 2134 288 2186 sernullo
297 2136 350 2200 jam
360 2136 425 2186 cursu
433 2136 529 2187 evadere
538 2151 618 2197 pugno

61 2201 137 2264 Polie,
148 2219 225 2266 neque
235 2202 361 2252 instantem
372 2201 476 2264 reginam
487 2210 590 2250 avertere
599 2199 673 2250 cernit
682 2216 702 2258 3..

60 2269 262 2320 Cousrlioversare
271 2267 339 2318 dolos
347 2266 467 2330 ingressus,
479 2277 503 2316 et
515 2265 573 2326 alin,

60 2335 148 2395 incipit
158 2335 230 2386 haec:
251 2336 317 2398 Qud
324 2335 510 2397 tamegregium,
522 2332 539 2382 [ι
549 2333 636 2382 femina
645 2331 703 2380 sorti

57 2399 122 2446 Fidis
133 2400 213 2460 equo?
227 2402 430 2468 ,dimi-ttefugam,
441 2411 467 2452 et
477 2412 502 2452 te
510 2403 616 2454 cominus
622 2414 703 2461 aequo.
802 2461 806 2467 Ι

56 2464 231 2516 Mecumcrede
239 2465 297 2527 solo,
308 2482 447 2531 pugnaeque
458 2468 552 2529 accinge
560 2465 675 2530 pedestri:

55 2529 111 2588 Jam
123 2531 211 2589 nosces,
225 2535 320 2584 ventosa
332 2537 394 2584 serat
406 2537 443 2585 cui
455 2535 528 2598 gloria
539 2536 659 2584 faudem.

56 2591 142 2639 Dixit:
162 2604 188 2642 at
196 2595 236 2644 illa
247 2601 338 2658 fruens,
350 2601 446 2663 acrique
455 2601 550 2658 accensa
557 2599 648 2660 dolore,

57 2655 145 2708 Tradit
154 2673 241 2720 equum
250 2665 345 2726 comiti,
356 2668 497 2734 paribusque
509 2665 728 2727 unssitinarmin.
806 2717 810 2724 .
892 2695 893 2704 ¹
