1806 2912
177 73 430 126 Aruernos
463 70 549 119 ΗΕ.
580 71 613 117 X.
664 67 721 126 460.
782 65 828 118 281

15 181 17 250 l
93 175 139 224 Per
149 171 224 234 patris
235 169 373 231 hospitium,
384 177 407 216 et
419 167 519 225 mensas,
531 181 592 230 quas
601 167 691 214 advena
702 162 779 224 adiili,

91 241 130 290 Te
138 253 227 300 precor,
238 235 333 292 Alcide,
345 234 434 296 coeptis
445 233 580 295 ingentibus
591 231 663 281 adsrs:

93 309 183 354 Cernat
191 298 299 360 semineci
310 299 352 350 fibi
362 315 400 348 me
410 314 490 362 rapere
501 315 567 350 arma
578 309 685 359 amenta,

92 371 258 432 victoremque
266 371 345 416 serant
354 364 479 416 morientia
487 365 672 415 luminaTurni.
754 379 758 386 ’

94 437 182 486 Audiit
191 433 288 484 Alcides
296 431 416 496 juvenem,
430 447 589 495 magnumque
598 433 639 480 suh
648 433 699 480 imo

94 503 171 552 Corde
182 501 268 564 premit
280 501 404 561 gemitum,
415 497 574 562 lacrymasque
583 497 665 549 effudit
673 501 764 548 inanes.

93 570 158 618 Tum
170 569 354 630 genitornatum
366 567 433 614 distis
441 565 629 616 affanuamieis:

92 639 146 686 stat
154 637 193 683 sua
203 635 286 696 cuique
297 629 363 697 diesi
380 635 448 681 breve
458 643 483 682 et
492 632 640 693 irreparabile
649 643 745 694 tempus

93 703 213 752 Omnibus
221 701 336 748 estritae:
355 699 396 748 sed
406 702 496 748 famam
507 701 632 748 extendere
644 700 721 758 fastis,

92 769 148 816 Hoc
158 766 253 818 virtutis
261 781 327 826 opus,
344 767 431 830 Trojae
442 766 482 814 suh
495 763 680 814 moenibusnltis
705 777 718 824 j
772 815 776 821 ,

92 835 145 882 Tot
157 833 208 880 nati
219 831 320 880 cecidere
329 830 409 880 Deiim
418 835 435 880 :'
445 834 504 894 quin
512 832 598 880 occidit
608 847 655 880 una

94 901 226 962 Sarpedon,
239 913 292 946 mea
302 899 434 959 progenies:
454 908 478 947 et
488 899 538 960 jam
550 898 714 947 sua'lurnum-

94 967 153 1015 Fata
165 975 261 1023 vocant,
272 966 391 1026 metasque
402 965 453 1014 dati
464 966 571 1034 pervenit
582 966 613 1012 ad
624 966 684 1030 aeui.
786 965 789 970 '

94 1032 133 1082 sic
144 1033 187 1090 ait,
198 1041 271 1092 atque
283 1030 362 1079 oculos
371 1029 514 1080 Rutulorum
526 1032 600 1093 rejicit
612 1031 684 1079 arvis.
733 1052 735 1057 v

129 1101 167 1146 Ae
179 1096 255 1146 Pallas
267 1099 359 1159 magnis
368 1098 458 1146 emittit
470 1097 558 1146 viribus
566 1093 672 1156 hallam}
715 1109 719 1112 ·

94 1163 232 1226 vaginaque
243 1181 298 1214 cava
310 1163 440 1226 fulgentem
450 1165 538 1226 deripit
549 1165 646 1213 ensem.'

92 1229 136 1279 illa
148 1227 238 1290 volans,
250 1231 343 1280 humeri
352 1231 506 1294 surguntqua
516 1231 622 1294 tegmina
631 1231 735 1294 summa,
747 1245 749 1248 ·

97 1297 192 1358 incidit,
203 1308 275 1360 atque
286 1299 348 1346 viam
359 1297 435 1360 clypei
444 1297 527 1348 molita
538 1313 579 1360 per
588 1315 660 1359 oras,-

90 1365 201 1412 Tandem
212 1366 284 1413 etiam
295 1381 381 1424 magno
393 1365 487 1414 strinxit
498 1367 526 1412 de
538 1381 634 1426 corpore
645 1365 731 1416 Turni.
764 1417 765 1422 ,

91 1428 142 1479 liic
150 1432 247 1475 Turnus
255 1431 315 1475 ier'ro
325 1430 454 1486 praefixum
464 1432 535 1476 robur
545 1441 616 1479 acuto

94 1498 123 1544 ln
136 1491 246 1542 Pallanta
257 1492 297 1538 diu
309 1490 396 1540 librans
405 1494 472 1554 jacit,
485 1503 557 1554 atque
568 1495 601 1542 ita
612 1498 690 1543 fatur:

94 1559 192 1621 Aspice,
204 1573 261 1606 num
274 1557 375 1618 magefit
385 1557 488 1606 nostrum
501 1560 644 1620 penetrabile
653 1559 736 1609 telum.

93 1627 210 1676 Dixerat:
230 1634 255 1672 at
266 1621 385 1685 clypeum,
402 1633 440 1674 tot
452 1625 506 1672 ierri
518 1634 591 1686 terga,
604 1636 642 1675 tot
653 1627 725 1686 aeris,¹

95 1694 158 1741 Cirm
170 1689 238 1753 pellis
249 1691 320 1740 toties
330 1693 400 1740 obeat
412 1691 555 1740 circumdata
566 1687 644 1752 tauri,

94 1759 204 1808 vibranti
216 1757 290 1817 cuspis
300 1758 403 1806 medium
415 1758 585 1808 transverberat
597 1761 653 1820 itta,

94 1826 240 1885 loricaeque
252 1839 338 1882 moras,
351 1833 375 1874 et
385 1827 463 1885 penus
472 1827 576 1886 perforat
587 1828 677 1888 ingens.

95 1889 139 1940 ille
146 1892 209 1952 rapit
219 1889 321 1940 calidum
335 1889 419 1940 frustra·
427 1894 455 1939 de
462 1891 557 1942 vulnere
568 1892 641 1942 telum
650 1909 656 1943 ε

95 1961 151 2006 Una
159 1960 288 2016 eademque
298 1957 335 2005 ria
343 1957 479 2020 sanguisque
488 1960 625 2021 animusque
633 1962 769 2022 sequuntur.

94 2022 191 2072 Corruit
202 2022 227 2067 in
238 2019 335 2068 vulnus:
354 2023 456 2070 sonitum
469 2025 535 2084 super
546 2041 614 2072 arma
622 2027 719 2076 dedere:

93 2092 128 2140 Et
139 2099 225 2136 terram
238 2084 344 2134 hostilem
357 2089 460 2135 moriens
470 2090 531 2149 petit
542 2096 582 2138 ‘ore
593 2102 699 2142 cruento.

94 2157 177 2219 Qenr
185 2155 281 2200 Turnus
292 2153 358 2213 super
368 2152 483 2201 affistens:
527 2167 529 2174 ⁴

93 2222 210 2279 Arcades,
221 2218 287 2278 haec,
300 2219 389 2280 inquit,
402 2226 580 2272 memoiermea
591 2224 653 2273 dieta
664 2225 748 2276 referte

94 2288 220 2337 Evandro:
240 2285 334 2348 qualem
345 2287 562 2345 nemin-Pallanta
574 2291 678 2342 remitto.

94 2354 207 2418 Qrifquis
215 2351 291 2402 honos
298 2352 392 2411 tumuli,
403 2353 516 2416 quicquid
524 2356 627 2422 solamen
636 2360 752 2411 humandi
761 2360 802 2422 ell,

93 2420 201 2481 Largior.
209 2418 291 2468 'Haud
302 2419 336 2468 illi
346 2417 439 2486 stabunt
448 2426 540 2472 Aeneia
549 2431 643 2486 parvo*v
704 2454 706 2458 ·

94 2487 213 2547 hospitia.
231 2489 263 2534 Et
276 2485 341 2536 laevo
352 2487 430 2549 preffit
441 2491 509 2550 pede,
520 2491 578 2540 talia
590 2491 688 2554 iatius

93 2553 254 2612 unanimum,
273 2554 363 2616 rapiens
374 2555 487 2606 immania
498 2561 602 2620 pondera
613 2559 696 2624 baltei,

94 2616 279 2682 impressumque
290 2624 370 2670 nefas:
388 2624 485 2672 unasub
496 2629 563 2675 noste
572 2629 645 2690 jugali
711 2653 713 2658 ·

93 2685 166 2738 Caesa
178 2699 261 2738 marrus
269 2685 380 2754 juvenum
392 2693 468 2756 secde,
480 2691 628 2762 thalamique
638 2695 742 2746 cruenti:

425 2759 478 2808 Aa
494 2771 530 2820 3¹
568 2784 572 2792 ·
620 2783 634 2796 =·
665 2783 683 2796 v
709 2790 711 2795 ·
