1814 2910
204 33 460 92 anuarnos
492 33 631 84 eran
674 47 731 93 412.
804 25 841 99 9⁵⁴
883 22 884 32 ’

91 143 127 192 Et
139 137 220 191 multu
230 136 329 188 nebulae
337 138 424 186 circum
432 137 477 184 dea
484 135 547 184 fudit
555 133 656 192 auium

91 211 195 260 Cernere
204 207 298 270 nequis
308 221 356 265 eos,
368 219 415 252 neu
424 203 477 265 quis
486 202 623 263 contingere
632 199 717 263 posset,
734 199 740 222 '

90 275 206 326 Molirive
214 289 317 332 moram,
330 282 372 320 aut
382 271 492 319 veniendi
501 270 594 332 poscere
605 265 702 320 caussas.

91 343 146 406 lpsa
156 341 267 406 Paphum
279 339 386 388 sublimis
394 339 455 394 abit,
468 334 660 400 sedesquerevifit

92 413 171 460 Laeta
180 411 243 468 serem
262 409 304 458 ubi
312 404 432 468 templum
443 402 487 464 illi,
500 413 643 466 centumque
653 407 744 456 Sabaeo

93 477 177 528 Thure
186 475 266 527 calent
276 491 340 534 arae,
353 472 466 534 sertisque
474 473 603 521 recentibus
615 470 709 522 halant.

127 545 270 607 Corripuere
278 543 343 591 viam
355 542 454 599 interea,
468 541 515 602 qua
524 539 606 588 semita
617 537 748 588 monstrat:

96 613 199 680 Jamque
210 611 383 660 adscendebant
395 605 491 666 collem,
503 606 545 668 qul
551 605 730 668 plurimusurbi

96 681 224 738 Imminet,
234 677 382 738 adversasque
393 677 497 738 aspetlat
506 673 603 736 desuper
613 689 683 723 arces.

96 748 207 796 Miratur
219 741 306 794 molem
314 748 418 802 Aeneas,
429 739 530 804 magalia
540 743 677 804 quondam:

82 813 208 870 ,Miretur
219 821 305 874 portas,
319 809 498 873 strepitumque,
511 819 536 858 et
548 808 620 858 strata
632 809 729 858 viarum.

99 878 194 930 Instant
202 881 309 928 ardentes
316 880 400 941 Tyriir
419 895 474 940 pars
485 877 568 924 ducere
579 892 668 935 muros,

98 943 228 1009 Molirique
239 963 329 1006 arcem,
340 956 366 994 et
377 945 488 994 manibus
496 941 630 992 subvolvere
637 942 692 991 sarra
705 958 713 989 e

22 1067 23 1072 ,
99 1015 158 1063 Pars
167 1023 249 1076 aptare
258 1013 419 1070 locumteeto,
430 1021 454 1060 et
463 1007 601 1058 concludere
610 1007 681 1066 sulco,

100 1082 167 1146 Jura,
180 1079 376 1142 magistratusque
385 1077 476 1140 legunt,
487 1077 639 1139 finitumque
651 1077 765 1126 senatum.

98 1147 150 1200 mc
161 1157 244 1208 portus
252 1145 293 1196 alil
302 1145 431 1208 effodiunt:
450 1143 492 1195 hic
500 1141 549 1194 alta
558 1142 659 1194 theatris

101 1215 267 1264 Fundamenta
279 1213 359 1264 locant
368 1211 419 1272 alii3
439 1213 601 1274 immanesque
612 1211 735 1262 columnas

99 1282 210 1344 Rupibus
221 1281 344 1339 excidunt,
356 1281 429 1330 scenis
438 1281 522 1330 decora
533 1277 583 1329 alta
592 1280 685 1332 suturis.

101 1347 186 1414 Qalis
197 1365 253 1411 apes
262 1348 348 1398 aellate
359 1365 421 1398 nova
432 1365 475 1410 per
483 1345 554 1396 florea
563 1363 616 1398 rum
724 1391 726 1406 ,

22 1419 23 1422 ’
99 1417 205 1466 Exercet
216 1416 256 1466 sub
269 1413 316 1464 sole
325 1414 400 1475 labor,
410 1418 466 1464 ciam
478 1415 555 1476 gentis
566 1414 659 1464 adultos
692 1447 695 1455 s

100 1483 217 1530 Educuut
228 1484 315 1538 suetus,
328 1493 369 1530 aut
377 1483 431 1530 ciem
441 1479 558 1542 liquentia
569 1477 641 1528 mella

22 1559 24 1568 ’
102 1545 215 1608 Stipant,
228 1544 658 1606 etduleidillenduntnettarecella53

101 1617 161 1664 Aut
171 1627 244 1662 onera
256 1611 376 1674 accipiunt
384 1613 534 1670 venientum
553 1620 604 1668 aut,
617 1611 711 1672 agmine
722 1613 793 1673 satio,
884 1641 885 1646 =

102 1683 223 1744 ignavum
236 1680 303 1727 sucos
315 1693 386 1740 pecus
396 1677 566 1739 &praesepibus
578 1688 675 1726 arcent:

23 1799 24 1802 ,
103 1751 190 1796 Fervet
198 1759 268 1808 opus,
282 1743 437 1806 redolentque
446 1744 533 1808 thymo
542 1745 671 1808 fragrantia
682 1743 761 1796 mella.

104 1817 126 1863 0
139 1811 266 1873 fortunati,
279 1827 380 1876 qnorum
389 1814 441 1876 jam
453 1812 548 1861 moenia
558 1813 666 1878 surgunt!

104 1885 199 1934 Aenean
210 1880 257 1940 alit
276 1891 302 1930 et
310 1879 400 1942 fastigia
409 1881 503 1944 suspicit
512 1881 584 1930 urbis.

103 1951 181 1998 lulert
188 1949 210 1997 se
221 1949 299 2011 septus
308 1948 393 1998 nebula
406 1948 526 2013 (mirabile
536 1950 611 2012 disin)
788 2005 796 2014 „

103 2015 151 2066 Per
160 2015 259 2075 medios,
272 2015 471 2077 miscetqueviris,
484 2033 566 2078 neque
573 2018 677 2066 cernitur
687 2017 738 2070 ulli.
835 2070 839 2078 ¹

103 2083 186 2134 Luem
198 2085 224 2131 in
233 2084 290 2132 urbe
299 2083 346 2132 fuit
356 2083 443 2160 mediq,
452 2082 590 2131 laetiffimus
601 2087 698 2142 umbra3

104 2219 125 2266 n
144 2150 674 2281 „dllg'llss‘olffiffifflffiffffl

105 2281 262 2342 Monstrdrat,
273 2295 345 2346 caput
355 2283 415 2332 acris
424 2283 494 2346 equit
513 2282 543 2334 lic
553 2300 610 2334 nam
619 2285 670 2334 sore
678 2280 742 2336 bello

104 2351 240 2413 Egregium,
249 2359 274 2400 et
284 2349 376 2400 facilem
386 2351 448 2400 vitiu
456 2368 498 2414 per
509 2350 599 2400 saecula
610 2362 714 2412 gentem.

106 2415 156 2467 llic
165 2417 285 2479 tempium
294 2419 383 2482 Junoni
395 2417 476 2480 ingens
487 2419 585 2468 Sidonia
591 2419 659 2468 Dido

106 2486 241 2543 Condebat,
254 2485 323 2533 donis
334 2483 475 2548 opulentum
486 2496 511 2536 et
523 2486 621 2536 numine
632 2487 714 2538 divae:

108 2555 185 2602 Aerea
195 2551 233 2600 cui
245 2553 354 2612 gradibus
366 2553 491 2615 surgebant
500 2553 592 2614 limina,
602 2571 724 2618 nexaeque

108 2621 171 2666 Aere
180 2621 268 2677 trabes,
280 2619 370 2668 loribus
380 2623 451 2670 cardo
463 2620 574 2674 stridebat
586 2622 676 2670 ahenis.

106 2685 161 2734 Hoc
167 2685 274 2757 primum
286 2687 311 2737 iu
321 2685 375 2741 luco
383 2705 445 2742 nova
454 2687 581 2742 resublrte
589 2689 703 2742 timorem
762 2747 766 2754 ,
