1806 2912
125 44 380 119 n’numos
415 62 501 110 nin.
531 16 885 135 x11.·723.,33'{.,

49 173 121 223 Haud
130 169 200 219 aliter
206 169 270 216 Tros
279 169 375 214 Aeneas
385 173 409 212 et
417 162 527 212 Daunius
538 161 606 210 heros

49 237 201 289 Concurrunt
210 231 312 296 clypeis:
332 231 414 292 ingens
423 233 502 292 fragor
510 227 606 279 aethera
610 224 728 289 complet.

47 307 145 372 Jupiter
156 303 203 364 ipse
210 303 269 350 duas
280 308 381 360 aequato
390 297 499 346 examine
508 295 586 345 lances

53 372 165 428 Sustinet,
177 378 201 418 et
212 371 262 416 fata
274 365 378 427 imponit
387 363 475 413 diversa
485 365 598 421 duorum3

10 495 11 498 Ἴ
55 441 133 504 Qem
142 439 240 484 damnet
250 431 326 490 labor,
338 442 362 480 et
373 448 421 494 quo
430 443 511 492 vergat
522 431 626 492 pondere
637 426 738 485 lethum.

55 506 151 556 Emicat
159 501 210 560 hic,
221 503 320 560 impune
330 507 426 561 putans,
439 508 463 548 et
475 513 572 558 corpore
581 505 635 560 toto
660 500 679 568 j

56 571 118 622 Alte
129 569 248 618 sublatum
257 565 375 626 consurgit
384 567 481 630 Turnus
491 565 516 612 in
528 553 605 617 enffm
613 583 619 622 3
628 566 655 580 *¹

57 643 92 688 Et
100 639 162 686 serit.
181 631 327 684 Exclamant
336 634 421 690 des,
433 630 567 692 trepidique
575 631 669 689 Latini,

57 707 218 764 Anestaeque
229 702 355 750 amborum
363 699 437 751 acies:¹
451 703 488 746 At
501 697 601 760 perfidus
612 696 673 746 ensis

59 771 195 831 Frangitur,
205 768 233 816 in
245 765 370 828 medioque
381 768 504 814 ardentem
515 765 598 814 deserit
610 764 670 822 istu3
684 775 687 787 ¹

58 839 94 888 Ni
105 840 162 898 suga
171 833 271 882 subsidio
280 831 368 882 iubeat.
388 832 457 893 Fugit
468 831 532 880 ocior
541 835 615 890 Euro,

57 909 96 956 Ut
107 899 218 965 capulum
228 892 295 962 ignei
313 917 347 958 m,
359 901 516 962 dextramque
524 898 615 959 aspexit
625 897 749 946 inermem.

58 975 135 1020 Fama
143 968 185 1028 cst,
196 917 360 1030 praecipiem
372 967 426 1015 ciam
437 967 515 1028 prima
524 965 548 1012 in
558 963 647 1026 proclia
655 964 751 1028 jundios

59 1037 239 1087 conscendebat
248 1048 310 1095 equo
343 1034 422 1096 patrio
432 1049 542 1081 mucrone
551 1030 640 1090 relitto,

59 1107 132 1154 Dum
140 1098 252 1162 trepidat,
264 1103 312 1149 serr
329 1118 352 1149 m
365 1101 457 1162 aurigae
469 1096 567 1161 rapuisse
576 1099 685 1148 Metisci:

61 1171 140 1230 quue
148 1169 200 1228 diu,
212 1170 268 1218 dum
278 1177 303 1227 tq
330 1171 443 1218 adabant
452 1167 558 1230 palantia
565 1166 661 1225 Teucri,
706 1212 714 1242 s

63 1234 174 1286 Sufficit:
193 1233 317 1298 postquam
330 1253 395 1286 arma
404 1235 451 1285 Dei
460 1237 490 1284 ad
498 1233 613 1284 Vulcania
621 1231 771 1294 neutumest,
803 1275 807 1279 ,

63 1300 177 1353 Mortalis
187 1319 278 1360 mucro,
291 1303 375 1364 glacies
386 1321 428 1352 ceu
439 1293 524 1361 futilis,
537 1302 584 1350 istu

63 1367 185 1419 Dissiluit:
203 1367 270 1416 'fulva
279 1369 428 1427 resplendent
439 1369 644 1426 sragmiuaarena.

64 1439 130 1496 Ergo
142 1448 224 1481 amens
235 1432 324 1480 diversa
335 1435 390 1493 suga
400 1433 462 1492 petit
472 1447 574 1492 aequora
581 1435 694 1482 Turnus:

17 1541 25 1556 .
64 1507 99 1552 Et
109 1515 174 1549 nunc
185 1498 244 1555 huc,
254 1495 310 1544 inde'
319 1497 365 1545 hue
376 1499 478 1546 incertos
486 1497 593 1558 implicat
604 1501 681 1548 orbes.

65 1569 181 1630 Undique
191 1563 256 1612 enim
263 1563 334 1612 densa
342 1565 428 1612 Teucri
438 1562 551 1612 inclusere
561 1580 663 1613 corona:

65 1640 153 1698 Atque
161 1633 218 1682 hinc
228 1629 292 1678 vasta
302 1627 380 1692 palus,
393 1630 449 1678 hinc
458 1631 530 1678 ardua
538 1629 633 1678 moenia
641 1631 748 1694 cingunt.

64 1707 118 1752 Nec
131 1701 210 1749 minus
218 1699 474 1760 Aeneas,·'quanquam
484 1699 577 1746 tardata
586 1697 672 1758 sagitta

65 1769 192 1818 Interdum
201 1781 277 1828 genua
288 1763 431 1826 impediunt,
443 1764 581 1826 cursumque
590 1765 706 1824 recusant,
757 1810 761 1812 ,

66 1835 210 1896 Insequitur,
220 1832 447 1896 trepidiquepedem
459 1834 517 1892 pede
530 1832 632 1883 fervidus
641 1842 716 1896 urget.

67 1899 187 1950 inclusum
196 1900 269 1950 veluti
278 1897 295 1948 sr
305 1901 401 1961 quando
411 1900 435 1947 in
448 1899 544 1948 flumine
553 1900 635 1948 nasius

69 1969 183 2024 nervum,
193 1975 234 2015 aut
243 1966 355 2026 puniceae
364 1966 454 2026 septum
465 1967 593 2018 formidine
601 1983 702 2029 pennae,
713 1973 715 1981 “

68 2035 178 2082 Venator
188 2033 254 2082 cursu
263 2031 327 2080 canis
336 2041 361 2078 et
370 2029 493 2080 latratibus
502 2031 588 2091 instat3

71 2097 116 2148 Ille
124 2097 313 2159 autem,infidiis
321 2107 346 2145 ct
357 2097 408 2158 ripa
420 2099 515 2148 territus
526 2097 584 2157 alta,
686 2119 692 2129 ⁸
759 2145 763 2152 .

70 2163 142 2225 Mille
152 2167 222 2228 fugit,
235 2165 368 2228 refugitque
377 2163 439 2214 vias:
459 2178 484 2214 at
493 2165 584 2216 vividus
594 2169 686 2218 Umber

71 2236 162 2282 Haeret
170 2233 248 2298 hians,
257 2232 413 2296 jamjamque
424 2240 500 2290 tenet,
513 2230 639 2296 similisque
646 2235 738 2286 tenenti

72 2301 193 2361 increpuit
205 2297 286 2358 malim
306 2300 431 2360 morsuque
442 2295 516 2349 elusus
524 2296 591 2348 inani
600 2300 640 2350 est.

72 2367 138 2416 Tum
148 2383 203 2415 uero
211 2367 317 2415 exoritur
325 2363 428 2414 clamor:
448 2367 558 2434 ripaeque
567 2365 676 2432 lacusque
804 2405 806 2410 .
820 2372 834 2412 l

73 2433 223 2498 Responsan't
233 2434 302 2491 circa,
314 2443 338 2482 et
348 2430 438 2482 coelum
449 2443 518 2484 tonat
525 2435 599 2483 'omne
610 2435 724 2487 tumultu.

74 2497 126 2559 lile,
139 2499 208 2548 simul
216 2501 316 2562 fugiens,
329 2499 507 2550 Rutulossrmul
516 2502 623 2564 increpat
631 2501 724 2564 omnes,
791 2554 794 2562 ,

74 2567 181 2616 Nomine
190 2583 308 2630 quemque
317 2584 412 2626 vocans,
424 2578 557 2632 notumque
565 2567 680 2631 efflagitat
688 2571 773 2620 ensem.

75 2637 172 2682 Aeneas
181 2644 282 2684 mortem
292 2645 384 2694 contra,
399 2637 550 2700 praesensque
561 2637 668 2686 minatur

76 2701 196 2762 Exitium,
209 2700 358 2766 siquisquatn
369 2703 451 2756 adeat:
471 2714 592 2764 terretque
601 2708 745 2765 tranantes,
826 2700 829 2706 ’
