1806 2912
91 39 141 96 ,2⁹0
192 32 448 82 annnruos
480 31 563 77 nin.
593 33 625 78 x.
652 13 733 83 “8112

91 134 147 195 Qro
160 134 274 182 moriture
284 136 341 191 ruis,
353 135 487 196 majoraque
498 132 585 180 viribus
593 132 680 182 audes?
709 151 713 158 ·
756 173 759 182 ,

90 198 162 247 Fallit
172 209 196 247 te
207 199 327 248 incautum
338 199 413 258 pietas
421 207 469 244 tua,
489 197 678 246 Necminusille
732 255 736 264 1

90 263 201 313 Exsultat
211 269 313 312 demens,
332 268 417 310 Sacrae
426 263 523 324 jamque
531 261 601 312 altius
612 264 658 312 irae
737 277 741 280 ·

89 331 214 380 Dardanio
225 332 319 390 surgunt
329 330 429 386 ductori,
441 338 593 390 extremaque
602 331 681 378 Lauso

91 399 177 446 Parcae
186 397 224 444 hia
235 393 328 454 leguntr
347 391 452 444 validum
463 411 565 456 namque
576 395 649 456 exigit
657 398 735 446 ensem

91 466 137 512 Per
148 462 249 510 medium
256 461 352 506 Aeneas
360 459 482 521 juvenem,
494 470 620 522 totumque
631 466 749 512 recondit.

90 528 193 576 Transiit
204 535 228 573 et
237 540 345 585 parmam
359 541 449 586 mucro,
459 526 517 574 levia
528 543 595 576 arma
605 528 713 586 minacis,

89 597 122 642 Et
134 593 246 648 tunicam,
259 589 328 638 molli
339 603 416 640 mater
428 609 498 654 quam
511 604 606 642 neverat
618 609 692 642 auru:

90 656 245 720 {mpleritque
255 655 332 706 sinum
342 657 432 720 sanguis
443 677 449 706 r
468 670 520 708 tum
530 659 581 708 rita
591 677 633 721 per
643 675 711 710 auras

89 722 204 774 Concessrt
217 723 305 772 moesta
314 727 344 774 ad
356 729 450 784 Manes,
461 727 590 788 corpusque
601 725 705 788 reliquit.

87 793 126 840 At
134 799 224 840 verout
236 789 330 840 vultum
342 792 535 852 viditmorientis
546 803 571 842 ct
582 810 633 854 ora,

87 859 137 904 Ora
149 857 390 908 modisAnehisrades
401 858 516 920 pallentia
526 859 601 918 miris,
801 913 809 930 ⁸

88 924 208 983 Ingemuit
218 923 329 986 miserans
339 927 448 985 graviter,
458 927 615 988 dextramque
626 928 738 987 tetendit,

88 992 122 1038 Et
133 1000 238 1038 mentem
248 993 339 1051 patriae
349 991 444 1040 strinxit
452 993 547 1053 pietatis
558 992 645 1055 imago.

89 1056 157 1120 Qid
165 1057 211 1104 tibi
219 1073 291 1116 nunc,
303 1057 431 1106 miserande
438 1075 504 1118 puer,
517 1075 561 1118 pro
569 1057 676 1108 laudibus
687 1058 746 1122 istis,

89 1122 156 1186 Qid
165 1123 217 1183 pius
224 1127 319 1171 Aeneas
327 1133 396 1172 tauta
407 1125 475 1174 dabit
485 1123 565 1172 indole
576 1123 689 1188 dignum?
791 1173 796 1178 ,
830 1171 834 1176 ,

91 1195 180 1246 Arma,
190 1189 275 1252 quibus
286 1188 394 1246 laetatus,
406 1189 467 1234 habe
476 1199 529 1245 tua3
550 1200 620 1248 teque
629 1200 759 1250 parentum
771 1215 774 1220 ·

88 1257 210 1314 Manibus,
223 1264 247 1300 et
255 1255 335 1310 cineri,
348 1251 420 1314 siqua
430 1252 462 1300 esi
473 1269 500 1300 ea
508 1269 572 1311 cura,
585 1256 691 1304 remitto.

88 1323 142 1370 Hoc
153 1329 234 1368 tamm
245 1318 329 1380 infelix
339 1318 445 1366 miseram
458 1317 558 1368 solabere
567 1329 682 1376 mortenia
743 1369 745 1382 ,

89 1391 186 1436 Aeneae
197 1385 278 1446 magni
288 1385 372 1434 dextra
383 1385 454 1434 tardis.
473 1387 581 1446 Increpat
591 1384 655 1435 uitro

88 1455 235 1502 Cunltantes
244 1451 325 1510 socius,
336 1463 360 1501 et
372 1461 435 1500 terra
445 1449 549 1499 subierat
561 1451 646 1513 ipsum,

82 1520 209 1582 *Sanguine
218 1529 356 1580 turpantem
368 1528 461 1568 comtos
471 1520 501 1567 de
514 1533 580 1568 more
591 1517 697 1581 capillos.
755 1529 757 1540 ¹

91 1588 186 1636 interea
194 1585 288 1648 genitur
295 1585 405 1634 Tiberini
415 1587 446 1634 ad
455 1585 559 1634 fluminis
569 1587 659 1634 undam

90 1649 195 1702 Vulnera
206 1651 306 1702 ficcabat
318 1650 432 1714 lymphis,
444 1651 573 1713 corpusque
583 1650 677 1702 levabat

91 1719 194 1768 Arboris
204 1717 300 1768 acclinis
310 1727 403 1768 trunco.
424 1717 509 1768 Procul
519 1734 585 1766 aerea
597 1719 668 1768 ramis

90 1785 219 1844 Dependet
228 1783 304 1844 galea,
318 1797 342 1832 et
354 1795 423 1844 prato
435 1785 513 1844 gravia
523 1800 590 1832 arma
601 1785 730 1846 quiescunt.
790 1800 794 1806 ·

91 1852 163 1898 Stant
175 1849 326 1897 ledii-circum
335 1849 446 1911 juvenest
465 1850 513 1909 ipse
524 1865 600 1910 aeger,
610 1849 735 1908 anhelans,

91 1913 161 1964 Colla
173 1917 247 1972 soret,
259 1913 323 1962 susus
334 1930 464 1974 propexam
476 1915 606 1974 inpellere
619 1919 729 1965 barbam:

91 1979 174 2032 Multa
184 1980 251 2040 super
262 1979 340 2028 Lauso
352 1981 450 2041 rogitat,
462 1977 603 2042 multosque,
608 1983 720 2042 remittit,

93 2049 143 2114 Qui
154 2055 274 2104 revocent,
285 2045 413 2108 moestique
423 2049 502 2095 serant
513 2050 628 2098 mandata
639 2049 749 2110 parentis.

58 2127 61 2134 '
93 2119 132 2165 At
143 2114 247 2164 Lausum
259 2113 314 2162 socii
324 2114 458 2165 exanimem
470 2113 537 2174 super
547 2130 613 2164 arma
628 2117 734 2162 serebant

93 2186 110 2229 f
113 2181 198 2238 lentes,
210 2181 341 2240 ingentem,
351 2190 423 2240 atque
432 2179 523 2239 ingenti
530 2179 624 2228 vulnere
635 2181 741 2228 vietum„

126 2246 237 2308 Agnovit
248 2245 318 2307 longe
328 2246 442 2307 gemitum
454 2245 630 2306 praesagamaii
641 2261 717 2294 ment.
735 2269 738 2278 r

94 2313 214 2360 Canitiem
226 2313 351 2360 immundo
363 2313 480 2360 deformat
492 2309 593 2372 pulvere,
605 2320 630 2358 et
641 2313 723 2360 ambas

93 2379 137 2424 Ad
150 2376 242 2426 coelum
253 2379 331 2426 tendit
343 2376 443 2438 palmas,
456 2387 480 2426 et
491 2394 587 2438 corpore
598 2375 712 2432 inhaeret.

91 2441 205 2490 Tantane
217 2459 257 2490 nie
266 2444 459 2503 tenuit'virendi,
471 2455 537 2503 nate,
548 2442 666 2504 voluptas,

92 2505 129 2550 Ut
138 2523 231 2570 prome
243 2507 321 2556 hostili
332 2520 425 2569 paterer
436 2511 554 2560 succedere
565 2511 671 2570 dextrae,

93 2567 171 2631 Qem
184 2574 269 2628 genui?
287 2585 359 2623 tuane
370 2575 429 2636 haec
439 2578 534 2637 genitor
543 2594 585 2639 per
595 2576 692 2626 vulnera
702 2577 790 2640 semor,
875 2592 883 2608 ⁸

91 2631 173 2680 tirone
184 2645 226 2684 tua
237 2639 332 2702 vivens?
349 2639 483 2701 heu‚.nunc
495 2644 579 2698 misero
589 2645 650 2694 mihi
661 2647 758 2712 demum
