1818 2914
181 59 620 110 nuuarnosurm.
667 61 723 112 280.
780 57 828 124 1⁶9
895 29 903 80 l

80 157 138 208 Tali
148 160 247 219 remigio
256 159 323 208 naris
334 156 432 206 setarda
443 159 571 205 movebat:

79 223 139 274 Vela
150 225 209 274 facit
220 234 312 282 tamen,
324 232 350 273 et
360 222 418 272 reiis
430 224 490 272 subit
501 222 561 271 ostia
573 222 657 284 plenis.

81 290 212 354 Sergestum
225 296 322 340 Aeneas
332 287 444 352 promiiio
457 305 554 338 mursere
565 293 649 350 donat,

81 361 205 406 Servatam
217 361 248 407 ob
261 373 344 408 navem
358 356 443 413 iaetus,
455 357 573 418 sociosque
584 359 698 408 redussos.

82 421 133 474 Olli
144 423 206 473 serva
217 421 296 483 datur,
311 439 411 485 operum
423 423 490 473 haud
499 423 579 484 ignara
591 423 724 486 Minervae,

81 489 160 542 cressa
171 507 253 553 genus,
266 489 367 550 Pholoe,
380 490 516 552 geminique
525 490 565 538 sub
576 493 646 540 ubere
657 493 719 542 nati.

25 567 28 578 ⁴
67 577 71 586 ·
116 560 179 616 Hoc,
191 559 244 620 pius
253 562 358 616 Aeneas,
370 553 441 605 millo
450 555 679 616 certaminet'endit

82 624 241 674 Gramineum
252 625 277 672 in
289 639 410 684 eampum,
423 639 495 686 quern
505 621 603 672 collibus
610 625 717 689 undique
723 626 801 678 currit

39 721 44 728 ι
81 690 220 752 cingebant
228 688 308 748 filvae3
328 691 453 804 medipque
462 690 488 738 iu
500 687 563 738 valle
571 691 660 740 theatri

80 756 166 805 Circus
176 766 242 806 erat:
261 773 313 818 quo
320 756 343 804 se
352 771 392 805 mu
403 767 434 806 trs
442 771 498 805 cunr
509 754 613 805 millibus
623 757 693 809 laetus

80 819 194 872 consersu
207 824 310 872 medium
319 821 385 882 tulit,
397 823 562 885 eullrutioqoe
570 823 661 874 resedit.

80 887 140 948 Hic,
152 889 194 952 qui
205 893 269 940 forte
278 889 354 939 veiint
365 891 449 952 rapido
460 892 602 939 contendere
613 891 689 952 curiit,

4 947 6 960 ’
80 957 171 1006 Invitat
183 958 265 1019 pretiis
274 958 376 1016 animos,
388 961 416 1004 et'
425 956 530 1016 praemia
541 955 619 1016 ponit.

80 1024 196 1084 Undique
207 1025 353 1076 conveniunt
360 1023 457 1081 Teucri,
470 1021 580 1084 mistique
590 1022 684 1073 Sicani:

80 1087 156 1136 Nisus
166 1101 189 1138 et
199 1089 323 1153 Euryalus,
337 1090 417 1151 primi.

80 1154 200 1216 Euryalus
211 1159 286 1205 torma
299 1156 406 1218 inignis,
418 1156 536 1218 viridique
544 1156 659 1219 juventa;

4 1239 6 1248 ¹
80 1221 162 1280 Nisus,
175 1239 255 1272 amore
264 1224 303 1286 pio
315 1226 395 1286 pueri:
413 1241 474 1286 quos
486 1225 570 1272 drinde
579 1225 670 1278 secutus

78 1289 169 1348 Regius
180 1293 270 1354 egregia
279 1292 368 1340 Priami
380 1293 408 1340 de
420 1291 490 1354 stirpe
499 1291 593 1340 Diores.
797 1347 808 1354 „

77 1355 152 1402 Hunc
163 1355 247 1416 Salius,
260 1357 363 1407 simulet
375 1361 477 1407 Patron:
498 1367 600 1424 quorum
612 1348 673 1408 alter
681 1361 809 1420 Acarnan;

74 1419 152 1469 Alter
163 1423 193 1468 ab
206 1427 320 1480 Arcadia,
331 1425 437 1484 Tegaeae
448 1424 559 1483 sanguine
571 1421 655 1484 geistit.

75 1487 146 1536 Tum
158 1487 205 1533 duo
216 1488 334 1536 Trinacrii
343 1488 448 1548 juvenes,
461 1487 569 1547 Elymus,
580 1491 744 1554 i'anopesque,

73 1548 176 1601 Ailueti
188 1550 267 1612 sylvis,
280 1555 379 1600 comites
390 1553 485 1599 senioris
494 1551 600 1600 Acestae.

74 1616 156 1678 Multi
168 1627 298 1680 praeterea,
311 1633 371 1678 quos
382 1619 447 1666 fama
455 1617 551 1666 obscura
559 1621 674 1668 recondit.
723 1667 724 1670 ,

73 1689 176 1734 Aeneas
184 1685 271 1745 quibus
279 1685 304 1732 in
317 1684 400 1733 mediis
408 1683 439 1733 fic
448 1683 532 1734 deinde
541 1683 646 1734 locutus:

73 1751 191 1812 Accipite
200 1751 259 1799 haec
269 1752 364 1811 animis,
376 1750 495 1814 laetasque
502 1753 617 1802 advertite
627 1763 732 1804 mentes:
752 1753 754 1762 ’

75 1821 159 1866 Nemo
170 1834 199 1866 ex
208 1817 256 1867 hoc‘
263 1835 361 1868 numeru
369 1819 429 1867 mihi
440 1835 489 1867 non
500 1821 602 1870 donatus
612 1821 699 1870 abibitr
787 1873 791 1876 ,

76 1883 176 1932 Gnoffia
189 1886 244 1933 bina
255 1887 317 1934 dabo
328 1884 420 1935 laevato
431 1885 509 1935 lucida
522 1889 584 1938 ferro

75 1949 182 2011 Spicula,
191 1949 356 2014 caelatamque
366 1965 464 2013 argento
472 1957 532 2003 ferre
543 1957 681 2016 bipennem.

67 2017 197 2064 omnibus
209 2016 247 2066 hic
258 2019 368 2068 crituuus
376 2021 461 2068 lronos.
478 2023 540 2069 Tres
550 2023 655 2082 praemia
664 2023 734 2084 primi

5 2139 7 2150 Ι
74 2077 217 2144 Aciipient‚
228 2085 333 2146 flavaque
342 2095 412 2146 caput
425 2089 548 2133 nestentur
556 2085 626 2134 oliva.

5 2159 7 2180 '
74 2149 172 2198 Primus
183 2166 269 2211 equum
278 2150 380 2212 phaleris
390 2151 505 2211 insignem
516 2152 591 2200 vidior
599 2153 700 2203 habeto:

72 2213 151 2264 Alter
158 2218 317 2267 Amazoniam
330 2218 475 2280 pharetram,
486 2217 629 2280 plenamque
641 2221 730 2281 sagittis

71 2281 205 2343 Threiclis;
224 2282 274 2332 lato
284 2299 356 2346 quam
368 2285 455 2334 circum
467 2281 618 2346 ampledlitur
629 2303 685 2336 auro

70 2346 179 2408 Balteus,
191 2359 214 2400 et
224 2351 293 2400 tereti
305 2351 418 2399 subnectit
432 2351 502 2400 fibula
514 2367 615 2413 gemma.

70 2413 172 2466 Tertius
180 2415 294 2478 Argolica
305 2417 349 2465 hac
361 2416 425 2478 galea
436 2428 562 2468 contentus
571 2422 644 2469 abito.

69 2485 140 2534 Haec
148 2482 189 2530 ubi
200 2483 271 2541 ditia,
283 2479 361 2532 iocum
371 2485 478 2546 capiunt,
489 2485 600 2550 signoque
612 2503 708 2550 repente

71 2545 214 2608 corripiant
223 2549 297 2611 spatia
306 2549 397 2611 audito,
409 2547 529 2615 limenque
537 2553 674 2618 relinquunt

70 2611 157 2672 Effufi,
170 2615 359 2666 nimbosrmiles:
379 2617 650 2685 simulultimafignant.
735 2669 740 2680 ,

70 2681 170 2732 Primus
181 2681 240 2742 abit,
252 2679 368 2752 longeque
378 2689 527 2738 arcanuia
538 2700 637 2752 corpora
644 2687 721 2740 Nisus·
