1806 2912
159 55 414 108 nanninus
447 51 534 100 uia.
565 53 601 101 x.
645 50 703 102 διό.
767 52 814 116 285

71 167 108 212 Et
118 165 209 213 Daune
220 155 451 222 possem-incolumen
459 155 548 204 servare
557 156 657 218 parenti.

71 233 145 278 Nunc
155 235 245 289 pereat,
253 224 397 285 Teucrisuue
408 223 448 284 pio
460 225 501 272 det
512 223 623 284 sanguine
632 223 737 283 poenas.¹
784 255 785 260 =

73 294 117 342 iiie
127 303 211 342 tamen
226 290 304 340 nostre
315 290 411 338 deducit
419 289 507 350 origine
519 305 622 336 nomen:

73 359 245 419 Pilumnusqte
255 355 289 406 iili
301 366 400 418 quartus
408 365 490 416 pater3
510 365 534 402 et
546 365 586 403 tua
595 353 660 416 larga

74 429 150 486 Saepe
164 439 244 483 manu,
258 422 384 484 multisque
395 422 502 470 oneravit
514 419 597 470 limina
606 422 684 472 donis.

73 493 121 540 Cui
129 489 175 539 'rex
184 491 285 540 aetherei
294 490 396 538 breviter
405 487 434 536 sie
444 489 508 536 satur
515 486 629 550 Olympi:
677 521 678 532 ,

74 558 100 606 si
112 573 179 605 mora
187 557 314 618 praesentis
324 553 393 614 lethi,
406 555 545 616 tempusque
556 558 644 603 caduco

75 627 165 671 oratur
173 623 263 686 juveni,
273 637 359 684 meque
367 621 412 670 hoe
422 622 456 669 ita
468 637 555 681 ponere
566 621 650 680 sentim

74 689 145 738 Tolle
154 692 211 749 suga
220 691 340 744 Turnum,
351 699 423 748 atque
431 687 573 734 instantibus
581 688 644 748 eripe
652 687 718 738 fatis.

75 757 197 807 Haeienus
206 752 320 802 induisisie
327 763 403 804 vacat.
422 754 464 802 Sin
473 752 544 804 altior
553 752 601 801 istis

75 825 126 870 Sub
136 820 242 882 precibus
250 821 317 868 venia
326 819 373 868 ulia
382 819 451 877 latet,
463 829 590 881 totumque
602 820 700 886 moueri,
729 825 732 830 “

75 886 199 935 Mutariv'e
210 897 279 946 putas
288 883 389 945 bellum
409 886 460 946 spes
486 886 542 934 escis
553 886 643 932 inanes.

76 953 122 1000 Cui
132 955 195 1014 Juuo
204 950 374 1013 allacrymans:
396 952 461 1015 Qud
469 902 496 1010 ii,
510 954 574 1014 quod
583 968 642 999 voce
648 951 760 1011 gravaris,

75 1021 162 1066 Mente
170 1016 255 1066 dares?
274 1027 346 1078 atque
357 1017 415 1066 haec
422 1021 506 1065 Turno
518 1027 570 1066 rata
578 1017 628 1064 vita
639 1013 760 1065 maneret?
825 1067 828 1076 y

75 1087 150 1132 Nunc
159 1094 238 1134 manet
248 1084 366 1132 insontem
377 1083 453 1144 gravis
464 1083 554 1134 exitui:
574 1093 615 1132 aut
626 1100 668 1144 ego
680 1085 728 1131 veri

75 1148 146 1197 Vana
155 1148 228 1199 seror:
248 1153 313 1212 quud
324 1161 351 1198 ut
358 1147 377 1197 d
388 1151 467 1214 potius
479 1151 606 1198 formidine
617 1147 675 1198 salsa

76 1215 169 1273 Ludar,
182 1217 241 1264 etin
254 1215 336 1265 meiius
347 1228 397 1277 tua,
410 1218 451 1279 qui
461 1227 538 1277 potes,
551 1217 601 1265 orsa
611 1214 725 1264 reflectas!

110 1285 175 1330 Haec
183 1283 223 1330 ubi
235 1284 297 1332 dieu
303 1285 378 1346 dedit,
386 1281 452 1332 coelo
461 1284 483 1331 se
489 1282 656 1344 protinusasto
712 1295 715 1313 ¹

76 1347 153 1406 Mine,
163 1365 233 1410 agene
241 1350 343 1397 hiemem
355 1351 438 1397 nimbo
450 1349 564 1397 succineia
572 1366 615 1410 per
621 1365 701 1408 auram

76 1411 221 1473 Iliacamque
232 1415 315 1469 aciem,
328 1424 352 1461 et
361 1415 491 1460 Laurentia
500 1413 573 1462 cestra
581 1416 674 1474 petivit.

77 1481 145 1534 Tum
158 1481 211 1526 Dea
223 1480 285 1525 nube
296 1493 352 1524 cava
363 1488 457 1526 tenuem
469 1477 516 1525 sme
525 1479 611 1526 viribus
620 1483 730 1530 umbram

79 1549 108 1594 ln
120 1545 205 1594 faciem
216 1547 313 1592 Aeneae
326 1545 387 1604 (visu
397 1543 503 1592 mirabile
515 1543 658 1606 monstrum)

75 1612 206 1661 Dardaniis
218 1621 288 1658 ornat
301 1607 363 1670 telis,
376 1607 532 1672 clypeumque
541 1610 656 1672 jubasque

76 1679 161 1726 Divini
174 1675 290 1728 assimulat
303 1677 400 1738 capitis;
419 1679 462 1725 das
474 1676 554 1734 inania
565 1680 651 1735 verbu

76 1747 129 1793 Dat
141 1743 189 1792 fine
200 1753 282 1792 mente
292 1743 385 1803 sonum,
399 1741 528 1805 gressusque
540 1742 627 1804 effingit
639 1743 723 1802 euntis.

13 1829 15 1860 i
77 1814 159 1862 Morte
170 1811 236 1859 obita
248 1810 330 1874 quales
340 1813 405 1859 sama
416 1809 449 1859 cst
460 1809 559 1860 volitare
571 1809 666 1873 signias,
727 1837 730 1842 ⁴

76 1881 131 1926 Aut
140 1893 200 1938 quae
212 1877 300 1938 sopitos
312 1876 427 1926 deludunt
436 1878 526 1927 somnia
539 1878 623 1926 sensus.

77 1947 115 1992 At
127 1945 215 2003 primas
228 1943 289 1992 laeta
300 1953 355 1993 ante
367 1946 426 1994 acies
437 1944 539 1994 exsultat
552 1946 639 2007 imago,
665 1955 671 1970 ⁸

78 2010 206 2068 irritatque
217 2009 296 2055 uirum¹
306 2009 367 2066 telis,
379 2021 403 2057 et
415 2027 470 2058 voce
481 2010 575 2059 lacessit.

78 2074 152 2122 Instat
164 2074 201 2122 cui
210 2071 315 2131 Tumus‚
327 2073 510 2135 stridentemque
520 2077 612 2124 eminus
622 2075 713 2132 hastam

77 2141 197 2202 Coujicit:
217 2137 256 2188 illa
268 2142 325 2188 dato
334 2141 405 2189 venit
418 2142 510 2202 vessigia
521 2152 597 2202 tergo.

75 2208 143 2254 Tum
156 2223 211 2254 vero
219 2212 319 2254 Aenean
330 2207 435 2254 aversum
445 2219 472 2256 ut
483 2210 563 2256 cedere
572 2209 669 2258 Turnus

78 2273 194 2331 Credidit,
208 2281 282 2335 atque
291 2274 372 2322 animo
383 2273 447 2334 spem
457 2275 564 2323 turbidus
572 2275 649 2324 haufit
656 2277 766 2327 inanem:

78 2339 134 2404 Qu
143 2341 185 2398 sug
195 2357 213 2398 s,
224 2338 323 2388 Aenea?
343 2338 463 2389 thalamos
475 2357 504 2388 ne
517 2340 593 2390 desere
604 2346 699 2403 pasies:

76 2408 129 2452 Hac
140 2406 234 2454 dabitur
246 2407 329 2454 dextra
339 2405 407 2456 tellus
419 2405 523 2468 quaesita
535 2423 576 2469 per
586 2411 670 2458 undas.

74 2470 145 2520 Talia
157 2473 287 2520 vociferans
298 2473 410 2534 sequitur,
424 2471 574 2535 stridiumque
586 2475 690 2528 coruscat

75 2540 229 2596 Mucronen13
249 2555 292 2587 nec
301 2542 360 2588 ferre
372 2541 435 2590 uidet
447 2540 486 2589 sua
495 2542 579 2602 gaudia
589 2552 681 2592 ventos.

110 2607 180 2652 Foste
192 2605 248 2652 ratis
258 2605 309 2652 celsi
322 2608 446 2668 conjuncta
458 2609 576 2669 crepidine
588 2607 637 2656 saxi

75 2669 196 2731 Expositis
206 2670 279 2721 stabat
290 2671 365 2734 scalis,
376 2685 401 2724 et
413 2687 487 2736 ponte
497 2675 595 2736 paratu
