1814 2910
73 77 106 128 94
173 63 328 114 AENEI
340 65 428 112 Dos
461 65 548 114 utu
578 65 598 112 1
653 53 716 126 ’.373

72 160 106 207 ut
115 169 183 209 vacet
195 159 291 210 annales
302 159 433 210 nostrorum
444 161 524 209 audire
534 157 657 219 laborum

74 229 144 274 Ante
148 216 220 276 diem
229 225 306 278 clauso
317 236 445 298 componet
455 227 535 289 vesper
545 228 660 289 Olympo.

72 295 207 381 NosTr'oja
219 297 326 357 antiqua,
329 291 369 357 (fi
378 293 463 343 vestras
474 296 536 342 sorte
547 310 590 358 per
601 311 668 344 auree

73 360 131 409 Γ
99 358 161 424 togae
172 379 260 414 nornen
271 361 311 422 iit)
324 361 412 410 diversa
423 378 466 423 per
477 377 578 424 aequora
586 363 675 422 vedios,

74 429 146 477 Forte
157 429 197 478 sua
207 429 303 490 Libycis
314 427 440 489 tempestas
448 427 542 490 appulit
553 429 608 478 on's.

75 497 168 544 Sum
146 513 197 557 pnes
205 499 306 553 Aeneas,
320 503 401 556 raptos
411 497 493 557 quiex
504 495 570 544 hoste
580 499 680 545 Penates

74 559 150 611 class
143 562 221 610 veho
229 577 334 620 mecum
354 565 419 612 sama
428 563 598 625 superaethera
607 573 686 613 notus.

74 629 169 678 Italiam
181 645 268 690 quaero
277 629 403 693 patriam,
402 640 427 680 et
438 645 510 692 genus
520 631 550 678 ab
560 633 619 694 Jove
630 631 753 680 summos

73 695 114 745 Bis
124 695 190 744 denis
198 695 330 758 Phrygium
340 675 464 746 conscendi
473 697 571 746 naribus
582 713 682 759 aequore

73 763 154 811 Matre
165 763 208 810 dea
218 763 395 814 monstrante'
374 781 447 824 viam,
460 766 517 814 data
526 766 577 813 sata
585 765 691 812 secutura

34 831 36 838 ’
73 829 120 878 via
132 829 221 891 septem
231 829 354 880 convulsae
364 833 435 882 undis
444 835 555 894 Euroque
564 831 693 890 supersunt

7 949 8 954 ,
73 894 139 957 lpse'
133 903 238 960 ignotus,
249 915 328 960 egena,
341 899 432 962 Libyae
444 898 532 948 deserta
543 913 655 958 peragro,

7 967 8 972 ’
72 963 170 1025 Europa
181 974 254 1027 atque
262 965 321 1014 Asia
333 966 418 1028 pulsus.
438 969 489 1014 Nec
499 963 568 1026 plura
578 971 716 1026 querentem
772 1002 775 1008 ,

73 1026 141 1079 uaffa
153 1031 244 1093 Venus,
253 1035 335 1082 medio
347 1032 377 1080 fic
389 1035 502 1082 interfata
514 1031 594 1082 dolore
605 1029 652 1080 est:

75 1090 187 1162 Qisquis
198 1117 230 1160 es,
243 1099 307 1149 haud
320 1101 412 1162 (credo)
426 1099 512 1147 invisus
522 1098 657 1147 coelestibus
666 1111 736 1147 aurae

73 1161 164 1214 vitales
174 1167 259 1228 carpis,
271 1167 370 1228 Tyriam
382 1183 425 1228 qur
418 1166 559 1216 adveneris
568 1168 659 1214 urbem.

75 1232 149 1294 Perge
160 1235 241 1290 modo,
254 1243 326 1293 atque
337 1233 394 1281 hinc
404 1243 429 1281 te
439 1233 532 1293 reginae
543 1233 574 1280 ad
581 1231 666 1280 limina
676 1234 769 1293 perfert

74 1297 188 1360 Namque
198 1299 243 1351 tibi
253 1301 347 1348 reduces
356 1299 438 1357 socios,
450 1296 592 1360 classemque
602 1296 703 1346 relatam

74 1363 179 1425 Nuntio,
191 1365 249 1415 etin
257 1376 338 1415 turum
349 1365 418 1414 versis
427 1362 591 1428 Aquilonibus
603 1365 693 1424 astam

7 1455 8 1462 ι
74 1429 109 1480 Ni
120 1429 204 1482 frustra
214 1433 336 1494 augurium
345 1433 400 1480 vani
412 1435 510 1482 docuere
521 1442 638 1494 parentes.

76 1498 165 1560 Aspice
175 1499 211 1549 bis
220 1501 286 1567 senos
295 1498 409 1552 laetantes
417 1501 511 1562 agmine
521 1503 616 1564 cycnos,

76 1565 194 1616 Aetheria
203 1573 262 1630 quoe
273 1567 336 1630 lapsa
347 1567 417 1630 plaga
426 1569 492 1634 Jovis
503 1567 551 1616 ales
562 1575 645 1630 aperto

75 1632 201 1684 Turbabat
212 1633 289 1695 coeloe
309 1651 373 1684 nuuc
383 1646 458 1686 terras
468 1636 550 1685 ordine
559 1634 632 1697 longo
658 1651 659 1654 ¹
778 1687 783 1696 ,

75 1703 131 1750 Aut
143 1717 233 1763 capere,
245 1713 286 1751 aut
296 1713 377 1764 captas
385 1704 434 1766 jam
445 1703 577 1762 despectare
586 1704 710 1750 videnture

77 1771 114 1816 Ut
125 1771 219 1818 reduces
227 1767 261 1816 illi
274 1767 360 1818 ludunt
370 1769 521 1816 stridentibus
532 1766 584 1823 alis,

46 1817 49 1842 ⁴
76 1837 110 1882 Et
118 1845 189 1882 coetu
200 1835 294 1882 cinxere
302 1833 394 1894 polum,
405 1833 532 1893 cantusque
539 1833 634 1890 dedere3

76 1902 149 1950 Haud
159 1899 227 1956 aliter
237 1900 373 1962 puppesque
381 1907 445 1958 tuae,
457 1898 576 1962 pubesque
584 1904 690 1958 tuorum,

78 1971 133 2016 Aut
141 1976 236 2029 portam
244 1975 320 2026 tenet,
332 1977 375 2016 aut
385 1965 456 2028 pleno
467 1963 528 2014 subit
538 1963 596 2014 oslia
604 1963 667 2014 velo·

79 2037 151 2096 Perge
159 2035 240 2093 modo,
250 2041 274 2083 et
284 2049 331 2096 qua
340 2043 365 2082 te
372 2033 436 2083 ducit
443 2032 490 2090 via,
499 2033 578 2094 derige
587 2029 694 2094 gressum

111 2101 192 2162 Dixit,
205 2109 344 2151 erravertens
350 2101 415 2155 rosta
425 2099 511 2150 cervice
522 2097 622 2158 refulsit,

79 2167 266 2232 Ambrofiaeque
279 2183 361 2217 comae
372 2169 479 2217 divinum
489 2167 574 2217 vertice
585 2169 684 2214 odorem

79 2237 215 2298 spiravere:
234 2237 306 2298 pedes
315 2233 385 2284 vestis
396 2236 497 2284 deduxit
506 2236 537 2282 ad
550 2233 620 2291 imos,

78 2304 113 2351 Et
123 2319 176 2352 vera
186 2299 273 2352 iucem
282 2303 362 2365 patuit
370 2303 422 2352 dea.
442 2299 493 2362 ille,
505 2301 546 2350 ubi
558 2307 659 2348 matrem

79 2370 199 2429 Agnovit,
208 2368 251 2418 tali
263 2371 392 2432 fugientem
402 2367 435 2418 est
446 2383 503 2418 voce
512 2369 615 2418 secutum

80 2435 147 2500 Qid
157 2445 242 2485 natum
254 2438 326 2486 toties
334 2435 434 2488 enidelis
444 2445 471 2486 tu
481 2451 576 2500 quoque
586 2431 649 2484 falsis

7 2557 9 2578 Ι
79 2501 156 2551 Ludis
167 2501 324 2564 imaginibus?
343 2519 385 2554 cur
392 2505 505 2554 dextrae
495 2517 594 2568 jungere
604 2503 715 2551 dextrm

7 2585 9 2594 <
80 2567 138 2614 Non
149 2570 229 2628 datur,
239 2585 267 2618 ae
274 2585 341 2620 verae
349 2573 429 2621 audire
440 2581 464 2622 et
475 2571 571 2620 reddere
582 2565 664 2644 vqcesl

8 2655 9 2696 3
38 2631 44 2637 ‘
80 2629 290 2697 Talibusincusat‚
303 2636 377 2699 gressu
379 2623 690 2702 mqueadmoeniaieudit.

90 2697 207 2752 tvenne
218 2701 316 2754 obscum
322 2706 455 2770 gradientes
463 2707 516 2756 edre
526 2703 606 2770 sepfit,
