1804 2904
4 34 12 126 ᾦ
76 59 108 116 eo
210 37 716 124 enonn,.tru.1rt‚.rro;'

108 163 250 233 Morborum
262 177 357 228 quoque
367 177 392 216 te
401 163 496 224 caussas,
508 177 533 215 et
544 166 608 229 signa
619 145 718 218 dboebm
757 177 769 218 '.
781 215 783 219 ,
794 177 814 186 ··

75 227 231 288 Turpisoves
240 243 318 280 tentet
328 235 420 291 scabies,
433 235 474 280 ubi
483 234 581 294 frigidus
591 235 667 282 imber

74 293 159 343 Altius
170 300 201 345 ad
211 299 289 346 vivum
302 301 410 360 persedit,
423 311 452 347 et·
458 300 552 348 horrida
564 301 622 347 cano
790 325 795 350 r
808 343 814 351 .

77 363 243 426 Byumagelu:
263 363 298 410 vel
310 367 364 412 curn
376 365 450 414 tonsis
462 364 542 414 illotus
553 365 658 414 adhaesit

73 431 159 490 Sudor,
173 443 196 480 et
207 431 288 480 hirsuti
299 431 419 480 secuerunt
430 449 527 493 corpora
538 449 626 494 vepres,

76 497 193 546 Dulcibus
204 498 289 546 idcirco
301 494 376 546 fluviis
385 516 455 560 pecus
465 515 536 546 omne
546 499 649 559 magistri

74 565 231 621 Perfundunt,
243 563 341 626 udisque
350 568 408 614 aries
420 567 444 614 in
455 567 544 628 gurgite
552 565 615 613 villis

76 633 202 686 Mersatut,
215 627 338 692 missusque
350 634 449 680 secundo
461 633 541 682 defluit
553 633 634 692 amni:

76 701 133 750 Aut·
140 697 232 745 tonsum
245 697 304 746 tristi
317 702 460 760 contingunt
469 717 553 761 corpus
564 715 668 758 amurca,

73 765 106 810 Et
115 763 208 824 spumas
219 764 318 814 miscent
326 769 429 826 argenti,
438 768 538 827 vivaque
548 765 644 826 sulsrun,
682 771 684 774 '
765 801 770 812 .

16 885 20 890 Ι
75 830 200 890 Idaeasque
209 831 281 892 pices,
292 843 315 880 et
325 835 422 894 pingues
431 835 533 893 unguine
545 849 616 889 ceras,
671 860 675 870 ι

49 934 51 942 ,
77 895 399 962 Scissumque,·elleborosque
411 915 499 960 graves,
513 899 652 958 nigrumque
663 897 781 946 bitumen.

72 965 130 1009 Non
143 973 223 1018 tamen
233 965 281 1014 ulla
291 969 365 1028 magis
377 967 483 1028 praesens
492 969 587 1013 sortuna
597 963 704 1016 laborum
712 962 755 1023 est,
813 972 817 980 '

54 1051 56 1058 v
73 1029 154 1092 Qum
166 1029 182 1078 st
193 1033 246 1094 quis
255 1024 317 1081 serre
326 1035 406 1094 potuit
417 1034 544 1082 rescindere
552 1032 671 1080 summum

76 1099 168 1148 Ulceris
179 1116 218 1147 os:
238 1098 309 1148 alitur
317 1103 408 1156 vitium,
419 1101 525 1158 vivitque
536 1100 637 1157 tegendo
642 1115 650 1156 ς

71 1164 140 1211 Dnm
151 1168 252 1214 medieas
261 1167 369 1214 adhibere
376 1180 460 1212 manus
469 1165 500 1212 ad
507 1163 603 1212 vulnera
612 1162 691 1224 pastor

73 1234 197 1292 Abnegat,
210 1243 234 1279 et
244 1231 340 1279 meliora
349 1235 413 1280 Deos
425 1232 486 1279 sedet
498 1231 580 1278 omnia
588 1231 692 1289 poscens.

75 1300 141 1362 Qin
153 1299 225 1360 etium
238 1301 286 1346 ima
295 1298 363 1346 dolor
370 1297 495 1346 balantum
506 1295 581 1356 lapsus
591 1297 621 1358 ad
632 1293 679 1342 ossa

73 1368 137 1412 Cum
150 1366 216 1421 furit,
229 1375 301 1424 atque
310 1377 373 1412 artus
383 1364 514 1423 depascitur
523 1363 587 1409 arida
599 1362 683 1419 sebris;

75 1431 168 1480 Proluit
182 1432 286 1478 incensos
298 1431 371 1478 aelius
381 1441 493 1487 avertere,
504 1439 528 1478 et
537 1431 601 1476 inter

76 1501 104 1543 ln
114 1515 126 1544 a
137 1499 204 1546 serite
213 1499 279 1558 pedis
290 1498 409 1546 salientem
423 1497 533 1558 sanguine
543 1511 645 1544 venam:

72 1563 172 1616 'ethnae
183 1582 231 1625 quo
241 1582 305 1614 more
317 1566 400 1624 solent,
411 1581 509 1625 acerque
517 1561 632 1619 Gelonus,
807 1597 809 1604 ,

73 1633 136 1678 Cirm
147 1634 208 1692 sugit
219 1633 244 1682 iu
254 1633 397 1694 Rhodopen,
410 1643 482 1693 atque
491 1632 516 1678 in
526 1629 614 1678 deserte
623 1633 749 1688 Getarum,
881 1671 886 1679 .

73 1699 107 1745 Et
116 1697 152 1746 lac
163 1711 299 1748 concretum
309 1715 363 1748 cum
375 1700 485 1759 sanguine
494 1706 563 1757 potat
572 1695 667 1756 equino.
792 1705 796 1710 “

76 1767 155 1829 Qam
166 1765 248 1826 procul
260 1776 300 1813 aut
314 1765 379 1815 molli
392 1766 511 1812 succedere
522 1763 611 1820 saepius
621 1762 718 1806 umbrae
778 1795 782 1811 ,.

76 1833 179 1888 Videris:
189 1842 229 1880 aut
243 1829 344 1878 summas
353 1838 487 1888 carpentem
501 1827 606 1886 ignavius
615 1825 708 1884 herbas,
760 1883 763 1898 ι

73 1901 261 1957 Extremumque
270 1897 342 1957 sequi,
354 1904 395 1944 aut
406 1894 483 1941 medio
496 1895 648 1953 procumbere
659 1909 747 1953 campo

76 1965 222 2030 queerrtem‚
234 1974 258 2010 et
270 1963 331 2010 serae
341 1961 415 2010 solam
426 1963 535 2010 decedere
547 1959 622 2018 notti3

4 2065 5 2068 =
76 2035 198 2080 Continuo
209 2029 302 2092 eulpam
316 2032 376 2078 serto
388 2029 516 2090 compesce,
530 2027 594 2087 prius
604 2043 679 2088 quam
726 2067 728 2072 ,

74 2101 136 2147 Dira
146 2115 188 2161 per
199 2101 320 2148 incautum
333 2097 427 2158 serpant
440 2095 549 2154 contagia
557 2091 650 2154 uulgus.

78 2171 134 2214 Non
147 2177 196 2214 tam
210 2169 288 2214 creber
300 2181 370 2224 agens
381 2164 484 2212 hiemem
496 2163 543 2220 ruit
555 2175 654 2218 aequore
664 2159 744 2216 turbo,

55 2277 59 2282 .
76 2235 156 2295 <lirum
168 2231 257 2281 multae
268 2232 383 2292 pecudum
397 2229 476 2290 pestes.
496 2232 547 2276 Nec
558 2223 645 2285 singula
657 2223 735 2271 morbi
796 2257 799 2262 -

78 2302 183 2359 Corpora
195 2300 339 2359 corripiunt3
358 2298 396 2344 sed
407 2306 460 2344 tota
471 2295 555 2342 aestiva
564 2300 671 2352 repente,
751 2294 822 2354 [tem.

78 2368 195 2426 Spemque
207 2382 348 2426 gregemque¹
357 2361 433 2422 simul,
452 2355 607 2420 constansque
623 2359 653 2406 ab
665 2355 754 2418 origine
766 2375 826 2420 gen·

77 2431 141 2476 Tum
154 2433 218 2488 scint,
231 2434 304 2479 nerias
313 2430 398 2492 Alpes,
410 2440 435 2478 et
446 2429 534 2478 Norica
546 2424 561 2472 sr
573 2425 627 2487 quis

4 2495 6 2502 ’
80 2495 177 2544 Cullella
188 2497 213 2543 in
226 2498 332 2556 tumulis,
345 2508 368 2546 et
378 2497 464 2558 lapidis
475 2512 530 2543 arva
540 2493 650 2550 Timavi,

4 2569 6 2586 ²
83 2563 151 2606 Nune
163 2579 258 2624 qnoque
269 2563 321 2624 post
332 2573 402 2612 tanto
413 2561 501 2620 videat,
514 2561 649 2622 desertaque
660 2573 731 2618 regna

4 2683 5 2688 1
83 2625 213 2686 i‘atiorunr,
224 2639 249 2678 et
261 2628 331 2690 longe
342 2629 414 2678 saltus
424 2628 518 2690 lateque
528 2634 650 2676 vacantes*

4 2711 5 2714 ’
81 2686 129 2735 ¹³²⁶
140 2697 261 2752 quondam
272 2700 356 2758 morbo
368 2695 427 2748 coeli
437 2693 569 2749 mitreum
579 2700 659 2761 eeurte
669 2689 704 2744 etl
779 2736 783 2745 ,
815 2733 823 2748 .

4 2825 137 2878 Λ
