1806 2912
72 54 130 102 '³32
181 45 438 96 nunninus
470 45 555 92 nin.
586 47 641 94 xil.
669 45 746 98 bod.

78 143 113 190 Et
127 141 203 190 roseas
214 141 304 192 laniata
314 159 397 205 genam
416 153 468 194 tum
480 152 570 194 caetera
581 132 697 193 c'ncnmJ

78 207 162 274 Turia
174 209 240 256 furit.
261 211 381 257 Resonant
394 208 440 256 late
449 209 600 270 plangoribus
612 213 688 259 aedes.

76 273 141 323 Hinc
154 285 232 326 totam
245 273 328 322 infelix
340 273 448 334 vulgatur
459 278 523 323 sama
533 291 574 336 per
585 279 666 325 urbem
675 294 688 325 ι’

76 341 221 393 Demittunt
233 349 335 390 mentes:
357 341 375 388 it
387 337 450 388 scissa
462 340 522 390 ueste
531 343 641 402 Latinus,

76 396 192 470 Conjuglr
203 408 318 456 attonitus
329 407 395 464 fatis,
408 408 516 469 urbisque
525 409 602 468 ruina,

77 459 214 524 Canitiem'i
240 473 329 519 mundo
341 474 458 534 perfusam
472 474 565 535 puluere
576 485 690 537 turpansr

75 540 204 602 Multaque
270 536 349 596 tint,
359 541 401 602 qui
414 557 462 588 non
475 543 590 602 acceperit
601 553 658 590 ante

74 609 224 656 Dardanium
237 609 520 674 Aenean,'geqeqimque
531 609 638 658 asciverit
650 607 720 658 ultro.

109 677 199 725 Interea
211 679 318 720 extremo
330 673 431 722 bellator
440 669 468 722 in
479 689 580 736 aequore
588 678 685 724 Turnus

73 739 185 790 Palantes
196 739 301 801 sequitur
312 757 407 801 paucos,
418 742 467 802 jam
474 732 582 802 ”segniore
603 753 676 802 atque

72 809 128 871 Jam
141 807 218 854 minus
230 817 302 866 atque
313 807 391 855 minus
403 805 501 855 tirccclsu
513 801 724 871 laetusicqutrum.

20 889 23 896 ·
72 872 169 922 Attulit
180 871 244 920 huuc
256 872 290 920 iili
303 875 376 922 caecis
387 875 517 924 terroribus
529 892 584 923 aura
603 871 608 899 ²

73 937 232 990 commistum
244 939 381 999 clamorem,
395 941 539 1004 atrotiusque
550 936 646 1002 imslulit
657 957 725 991 aures

72 1005 189 1055 Confusae
202 1005 272 1055 sonus
282 1009 355 1066 urbis,
368 1007 531 1057 ctillactabile
543 1008 656 1065 murimur.

70 1073 119 1122 Hei
131 1072 202 1121 mihi!
222 1075 281 1135 quid
290 1085 360 1124 tantu
371 1075 498 1124 turbantur
507 1076 600 1124 moenia
608 1072 689 1122 luunt

8 1159 10 1170 ¹
72 1140 162 1206 Quisve
169 1140 221 1200 ¹tuit
233 1149 314 1190 tantus
326 1141 414 1188 diversa
426 1141 515 1188 clamor
526 1145 555 1188 ab
566 1136 636 1189 albe?

72 1207 111 1256 stc
123 1207 166 1266 ait,
179 1208 329 1267 addutlisque
340 1223 420 1254 amens
432 1206 530 1254 subsistit
542 1205 648 1252 habenis.

72 1278 158 1334 Atque
170 1273 232 1330 huic,
246 1273 270 1320 in
283 1273 364 1320 faciem
378 1273 442 1320 soror
451 1282 479 1322 ut
490 1272 598 1319 conversa
611 1271 703 1320 Metisci

72 1341 186 1401 Aurigae,
199 1355 339 1400 cumamque
351 1347 374 1386 et
386 1353 460 1399 equos
471 1349 495 1387 et
503 1336 554 1386 lora
565 1340 668 1398 regebat,

72 1406 173 1470 Talibus
184 1406 286 1458 occubit
297 1406 377 1454 ditiis:
397 1409 458 1464 Hac,
467 1407 560 1464 Turne,
572 1405 695 1466 sequamur

71 1473 229 1538 Trojuumas,
243 1489 291 1535 qua
302 1475 379 1535 prima
391 1473 452 1520 viam
462 1473 558 1520 victoria
571 1472 668 1533 pandit:

73 1546 136 1590 Sunt
147 1540 196 1600 alii,
209 1541 252 1604 qui
264 1543 325 1589 tetta
336 1556 408 1590 manu
420 1541 543 1587 defendere
555 1535 659 1600 poliunt.

73 1609 167 1670 ingruit
178 1612 274 1668 Aeneas
287 1606 360 1664 italis,
370 1618 397 1655 et
408 1605 495 1667 proelia
506 1607 602 1654 miscet:

72 1677 107 1726 Et
119 1692 163 1724 nos
174 1675 240 1723 saeva
249 1691 321 1722 manu
333 1674 458 1723 mittamus
469 1675 551 1720 lunera
559 1672 666 1724 Teucris.

72 1745 126 1792 Nec
135 1757 234 1794 numero
245 1741 352 1800 ulterior,
363 1755 456 1803 pugnae
468 1755 510 1789 nec
521 1739 611 1788 honore
622 1740 720 1788 recedes.

72 1811 170 1860 Turnus
181 1809 211 1858 ad
222 1808 295 1857 haec:

74 1881 96 1926 0
107 1877 179 1934 soror,
192 1883 216 1924 et
228 1877 315 1923 dudum
327 1873 421 1933 agnoui,
434 1875 488 1920 crim
501 1873 577 1932 prima
589 1887 632 1932 per
643 1880 720 1919 artem

74 1945 177 1992 Foedera
186 1938 295 1998 turbisti,
306 1949 377 2000 teque
389 1939 447 1986 haee
457 1939 483 1984 in
492 1935 554 1984 bella
566 1935 663 1984 dedisti:

74 2013 109 2059 Et
118 2023 181 2058 nunc
190 2007 348 2070 nequicquam
361 2005 492 2053 saliisDea.
511 2005 557 2052 Sed
570 2005 622 2066 qnis
633 2003 743 2065 Olympo

74 2073 207 2126 Demillam
218 2073 294 2122 voluit
305 2083 386 2122 tantos
394 2083 419 2121 te
429 2074 489 2119 serre
500 2069 607 2118 labores?

75 2147 121 2192 An
129 2143 211 2192 fratris
220 2141 296 2190 miseri
306 2139 396 2190 lethum
408 2149 437 2188 ut
448 2136 539 2186 cntdele
547 2134 653 2192 videreq?
819 2191 820 2198 ἵ

74 2212 141 2256 Nam
153 2209 213 2270 quid
221 2206 281 2269 agol
300 2217 340 2256 aut
350 2206 466 2268 quaejam
478 2205 577 2266 spondet
587 2205 683 2250 fortuna
691 2197 818 2252 saluteml*

72 2275 128 2324 Vidi
137 2274 218 2324 oculor
227 2284 283 2323 ante
292 2273 340 2334 ipse
349 2290 413 2322 meos
425 2289 463 2320 me
475 2288 532 2318 voce
542 2279 666 2318 vocantem

71 2335 226 2399 Murranum,
240 2357 289 2402 quo
298 2356 347 2388 noa
356 2341 448 2400 superat
458 2338 518 2386 milri
529 2337 604 2386 carior
613 2335 681 2391 alter,

71 2409 193 2466 oppetere
201 2406 332 2465 ingentem,
344 2415 416 2466 atque
428 2405 519 2466 ingenti
530 2401 624 2451 uulnere
635 2403 732 2450 vitium.
802 2441 805 2446 .

70 2469 165 2518 Occidit
177 2470 271 2530 infelix,
285 2487 314 2520 ne
323 2472 428 2520 nostrum
441 2474 540 2520 dedecus
549 2474 625 2519 Ufens

69 2533 204 2591 Aspiceret.
224 2539 309 2586 'I'eueri
322 2539 448 2598 potiuntur
456 2553 562 2599 ccipere,
574 2547 598 2585 et
607 2535 687 2585 armis.

68 2596 215 2647 Exscindine
227 2604 311 2650 domos
322 2605 359 2663 (id
369 2607 436 2652 rebus
447 2605 525 2652 deruit
536 2603 623 2664 unum)

68 2659 208 2718 per1³etiar?
227 2668 312 2740 dextra
324 2684 367 2718 nec
376 2671 479 2720 Drancis
491 2671 553 2720 diua
565 2667 687 2721 refellam?
