1804 2904
219 34 392 98 opsono.
426 29 511 79 nrn.
541 31 561 78 r.
615 41 667 92 arr.

69 133 156 197 Saepius
167 142 191 183 et
203 134 274 182 tetlis'
282 130 437 194 penetralibus
449 129 538 178 extulit
550 143 595 177 ora

67 201 196 264 Angustum
208 201 308 250 formica
320 204 396 248 terens
406 199 464 246 iter:
484 207 507 245 et
520 197 582 244 bibit
591 197 673 255 ingens

66 275 153 318 Arcus:
172 278 196 317 et
208 271 222 316 ὲ
233 265 299 329 pastu
309 267 421 314 decedens
432 265 526 326 agmine
536 279 626 324 magno

66 341 192 385 Corvorum
204 334 323 394 increpuit
333 331 408 380 densis
418 335 533 394 exercitus
544 327 595 378 alis·

66 407 115 466 er
126 403 202 451 varias
214 399 292 464 pelagi
302 399 414 458 volucres,
426 410 450 447 et
462 415 522 460 quae
533 396 593 446 Aria
604 397 694 444 circum

66 469 178 520 Dulcibus
190 470 215 516 in
228 467 314 530 stagnis
325 467 443 514 rimantur
451 476 519 526 prata
528 463 629 526 Caystri,

68 539 182 585 Certatim
194 534 271 597 largos
282 533 385 582 humeris
397 533 520 582 infundere
531 549 605 590 rores3

65 607 132 652 Nunc
143 613 215 664 caput
227 602 341 664 objestare
354 603 429 658 fretis,
443 615 508 648 nunc
517 613 605 648 currere
617 599 642 646 in
651 601 738 658 undas,

66 674 97 718 Et
109 670 185 718 studio
197 665 308 716 incassum
319 669 398 716 rideas
409 667 492 728 gestire
501 665 603 728 lauandi.

65 741 134 784 Tum
144 737 227 784 cornix
238 732 307 796 plena
318 733 422 796 pluviam
435 744 505 782 vocat
515 735 625 794 improbo
636 750 700 792 voce,

68 807 103 851 Et
114 801 160 850 sola
172 800 196 848 iu
208 800 264 850 sicca
275 801 351 852 seoun
360 803 475 864 spatiatur
486 819 565 850 arena.

14 875 21 888 ⁸
44 871 48 884 '
68 873 120 918 Nec
130 870 243 934 nocturno
254 870 351 931 quidem
363 879 486 930 carpentes
497 868 569 930 pensa
580 867 672 930 puellae

65 936 185 984 Nescivere
196 936 317 984 hiemem:
336 934 396 982 testa
407 950 462 982 cum
473 937 571 982 ardente
582 935 688 984 viderent

64 999 196 1052 Scintillare
206 1000 297 1061 oleum,
310 1010 334 1050 et
346 1010 426 1062 putres
439 1000 583 1050 concrescere
592 1003 686 1061 fungos.

98 1073 150 1119 Nec
159 1069 241 1118 minus
249 1085 280 1117 ex
292 1067 363 1116 imbri
375 1067 468 1133 soleret
480 1077 564 1130 aperta
576 1067 654 1116 serena

66 1135 212 1198 Prospicere‚
223 1146 247 1184 et
260 1136 329 1185 certis
339 1137 428 1196 poteris
439 1136 576 1198 cognoscere
588 1132 665 1196 signis.
693 1175 694 1178 η

65 1208 131 1253 Nam
140 1219 218 1266 neque
229 1212 283 1252 tum
296 1199 366 1251 stellis
376 1203 436 1254 acies
448 1203 531 1252 obtusa
539 1203 645 1262 ridetur;
663 1208 665 1214 '

17 1277 20 1282 '
63 1275 117 1319 Nec
128 1271 209 1319 fratris
220 1270 291 1319 radiis
303 1271 407 1319 obnoxia
419 1271 510 1332 surgere
519 1272 601 1329 Luna3

63 1338 159 1386 Tenuia
170 1353 214 1385 nec
225 1335 293 1386 lanae
304 1354 346 1399 per
356 1335 449 1386 coelum
460 1336 546 1388 uellera
556 1338 619 1386 ferri.

63 1409 124 1452 Non
135 1404 245 1465 tepidum
258 1406 288 1452 ad
298 1403 377 1455 Solem
389 1421 480 1466 pennas
489 1405 514 1452 in
521 1403 589 1452 litore
598 1408 708 1466 pandunt

62 1469 175 1520 Dilectae
181 1471 283 1520 Thetidi
292 1471 426 1532 Alcyones:
446 1488 497 1520 non
508 1487 548 1520 ore
557 1470 645 1520 solutos
666 1489 671 1492 ·
687 1471 689 1477 ’
700 1507 703 1515 ,

63 1537 196 1586 immundi
207 1535 335 1582 meminere
344 1538 393 1583 suea
401 1539 490 1596 jattare
497 1537 624 1598 maniplos.
691 1557 693 1562 ·

62 1611 104 1652 At
119 1598 223 1648 nebulae
235 1600 308 1660 magis
317 1599 365 1647 ima
372 1611 468 1660 petunt,
481 1615 612 1660 campoque
623 1604 777 1652 recumbunt:

64 1669 129 1719 Solis
139 1676 165 1715 et
174 1667 282 1715 occasum
293 1665 385 1716 servans
397 1669 426 1716 de
438 1664 541 1715 culmine
552 1667 644 1716 summo

62 1735 236 1796 Nequicquam
248 1733 309 1781 seros
321 1744 414 1784 exercet
424 1737 512 1784 nostua
523 1744 614 1784 cantus.
702 1746 704 1750 '

64 1808 180 1870 Apparet
191 1799 283 1862 liquido
291 1799 396 1852 sublimis
404 1804 429 1851 in
441 1806 493 1851 ae're
505 1802 584 1863 Nifirs,

64 1873 98 1918 Et
112 1885 156 1928 pro
169 1885 286 1930 purpureo
297 1887 384 1930 poenas
396 1873 438 1919 dat
446 1869 528 1932 ‘Scylla
540 1869 633 1932 capillo.

65 1939 224 1999 Qucumque
236 1934 276 1982 illa
284 1935 363 1986 ,levem
372 1939 464 1998 fugiens
476 1938 537 1987 secat
547 1939 643 1988 aethera
652 1943 745 2002 pennis,

63 2007 131 2050 Ecce
141 2002 259 2058 inimicos,
271 2011 351 2060 atrox,
363 2019 451 2064 magno
463 1997 561 2052 stridore
571 2021 611 2066 per
622 2023 691 2055 arrras

64 2069 202 2129 Insequitur
215 2068 298 2116 Nisus:
319 2084 366 2130 qua
377 2069 399 2116 se
410 2073 457 2118 fert
468 2071 539 2118 Nisus
550 2073 582 2118 ad
592 2087 669 2130 aums,

65 2136 108 2184 Illa
121 2135 198 2184 levem
211 2136 303 2196 fugiens
312 2135 401 2197 raptim
413 2136 475 2185 secat
487 2137 582 2186 aethera
593 2141 686 2200 pennis.

65 2205 131 2251 Tum
144 2202 247 2263 liquidas
257 2201 320 2252 corvi
334 2199 457 2264 preffo‘ter
466 2213 560 2264 gutture
570 2222 636 2254 voces
786 2253 788 2256 ,

68 2275 119 2318 Aut
129 2279 216 2332 quater
225 2269 390 2330 ingeminant:
408 2279 433 2319 et
444 2270 510 2333 saepe
522 2271 637 2320 cubilibus
648 2271 712 2334 altis,

67 2337 151 2385 Nescio
165 2354 213 2397 qua
222 2347 315 2395 praeter
322 2337 418 2388 solitum
427 2336 550 2388 dulcedine
562 2337 626 2399 laeti,
793 2346 797 2354 ’

70 2403 131 2451 luter
143 2404 167 2451 se
181 2401 244 2450 soliis
254 2401 390 2465 strepitant:
407 2405 485 2470 juvat,
497 2407 685 2469 imbribusaslis,

68 2469 210 2532 Progeniem
222 2485 320 2530 parram
331 2470 453 2539 dulcesque
465 2473 561 2522 revisere
572 2475 648 2524 nidos.

66 2536 137 2584 Haud
149 2537 262 2599 equidem
271 2539 349 2600 credo,
362 2540 418 2602 quia
429 2539 457 2590 srt
469 2541 583 2602 divinitus
594 2541 641 2591 illis
718 2593 722 2600 ,

64 2603 203 2662 ingenium,
216 2613 257 2654 aut
266 2619 344 2653 rerum
354 2609 406 2674 sato
417 2609 544 2670 prudentia
555 2609 646 2672 major:
693 2617 696 2628 ⁴

61 2670 165 2732 Verum,
178 2671 218 2720 nbi
229 2670 363 2736 tempestas,
375 2685 399 2726 et
411 2673 471 2728 coeli
482 2674 578 2726 mobilis
588 2675 677 2724 humor
