1806 2912
15 35 17 74 l
76 31 129 84 334
173 23 430 76 AENEIDOS
462 25 548 75 ΗΒ.
577 29 633 74 ΧΠ.
663 75 666 82 ,
691 25 753 84 684.

76 127 119 174 Ae
130 124 204 176 veluti
215 115 308 178 montis'
314 130 395 180 saxum
407 131 436 178 de
446 131 531 191 vertice
541 147 653 193 praeceps

76 191 141 240 Cim
153 194 202 242 ruit
212 194 316 244 avulsum
327 207 408 254 vento,
420 196 458 244 seu
467 195 574 244 turbidus
584 197 660 246 imber

74 257 181 322 ¹Proluit,
193 270 235 310 aut
246 262 314 310 annis
324 260 391 310 solvit
399 260 505 324 sublapsa
513 261 627 323 uetustam
717 295 720 308 ·

77 327 165 377 Fertur
171 327 197 376 in
205 330 330 390 abruptum
341 344 429 389 magno
439 345 509 378 mons
520 330 642 391 improbus
653 331 715 390 asiu,

76 389 236 456 Exsuliatquc
247 393 304 454 solo,
316 393 400 456 sylvas,
411 406 529 456 armenta,
541 397 648 458 virosque
677 393 681 400 ’

79 459 207 509 involvens
214 461 296 540 s5cum.
315 461 421 523 Disjesta
432 479 474 524 per
483 463 577 524 agniina
585 465 682 512 Turnus

77 527 116 575 Sic
127 528 191 576 urbis
202 527 290 589 curtari
299 542 388 594 muros,
401 529 441 576 ubi
453 527 635 591 plurimafuso'
838 583 843 590 ,

77 595 195 655 Sanguine
203 590 265 642 teria
276 595 367 668 madet³
380 595 527 658 striduntque
534 595 656 646 hastilibus
665 589 748 646 airraec

78 661 246 722 Significatque
255 678 338 719 manu,
351 659 471 724 esbtapno
483 661 552 714 simul
560 664 646 725 incipit
657 679 709 715 ore:

76 724 170 776 Partito
178 727 239 790 jam,
252 727 347 788 Rutuli,
359 739 384 778 et
395 746 436 778 vos
448 727 496 778 tela
503 729 623 792 inhibete,
635 729 731 779 Latini:

78 794 239 858 Qaecunque
250 793 284 842 est
296 799 401 855 fortuna,
414 813 467 845 mea
476 795 521 846 esi:
542 814 581 846 me
591 799 666 860 verius
679 811 754 845 unum

76 861 126 907 Pro
134 860 200 908 vobis
212 863 295 910 foedus
306 861 378 922 luere,
389 874 414 922 et
425 867 547 912 decernere
558 857 630 925 serio.

75 923 202 976 Discessere
210 939 295 997 omnes
302 931 384 990 medii,
396 931 545 993 spatiumque
554 931 646 993 dedere.
676 954 679 964 ¹

109 997 150 1058 ¹At
159 1004 227 1055 pater
235 1001 340 1056 Aeneas,
352 997 434 1046 audito
443 999 543 1050 nornine¹
548 1000 636 1057 Turni,

76 1059 172 1110 Deserit
180 1071 205 1109 et
216 1079 306 1123 muros,
319 1076 343 1114 et
352 1057 455 1113 summas*
466 1065 549 1114 deserit
560 1049 635 1123 astes

78 1129 272 1192 Praecipitesque
283 1144 362 1179 moras
371 1147 467 1180 omnes:
487 1149 557 1192 opera
569 1128 649 1188 ofmnia
661 1129 770 1192 rumpit:

78 1195 185 1244 Laetitia
196 1196 323 1255 exsultans,
335 1197 525 1258 horrendumque
534 1197 629 1244 intonat
639 1197 719 1246 armis.

107 1273 193 1312 uantus
200 1263 291 1322 Athos,
304 1273 345 1311 aut
357 1272 459 1324 quantus
469 1266 544 1323 Eryx,
556 1271 597 1310 aut
607 1263 655 1322 ipse
664 1261 764 1310 coruscis

79 1330 143 1378 Cum
152 1331 234 1378 nanu
242 1327 334 1378 ilicibus
342 1338 457 1392 quantus,
467 1329 599 1390 gaudetque
607 1327 679 1377 niuali

79 1395 174 1444 Vertice
184 1396 206 1444 se
218 1394 331 1446 attollens
342 1405 410 1457 pater
420 1395 563 1458 Apenninus
574 1396 692 1444 adamas.

78 1463 135 1526 Jam
144 1478 200 1512 vero
211 1473 235 1512 et
245 1463 331 1512 Rutuli
342 1463 461 1522 certatim,
473 1472 497 1511 et
506 1463 628 1534 Trois,let
640 1475 723 1510 omnes

84 1529 230 1580 convertite
241 1528 321 1580 oculos
330 1527 398 1590 Itali3
418 1529 505 1592 quique
515 1527 564 1578 alta
573 1530 688 1578 tenebant

74 1597 191 1658 Moenia,
203 1598 293 1660 quique
302 1598 362 1646 imos
370 1595 495 1658 pulsabant
504 1596 576 1646 ariete
585 1609 680 1644 muros:

82 1667 210 1726 Armaque
219 1663 344 1726 deposuere
354 1663 466 1712 humeris.
486 1667 571 1724 Stupet
582 1662 630 1724 ipse
638 1660 748 1719 Latinus,

83 1732 195 1793 lugentes
206 1726 299 1792 genitis
309 1729 403 1780 diversis
414 1732 520 1793 partibus
532 1729 604 1788 orbis,

84 1797 152 1846 Inter
162 1797 184 1846 se
196 1796 272 1846 coiisse
283 1799 354 1856 viros,
366 1807 390 1846 et
402 1814 495 1846 cernere
506 1800 575 1845 ferro.

86 1869 171 1928 Atque
183 1863 227 1923 illi,
237 1875 264 1912 ut
276 1879 350 1912 vacuo
361 1871 489 1924 patuerunt
500 1877 600 1924 aequore
612 1859 700 1926 campi,

87 1930 201 1984 Procursu
212 1931 295 1990 rapido
305 1928 415 1989 coujestis
426 1929 518 1976 eminus
529 1926 610 1988 hastis,

87 1999 206 2048 Invadunt
216 2000 320 2046 Martem
331 1994 419 2058 clypeis
430 2005 564 2056 atque-aere
575 1994 668 2044 sonoro.

86 2065 266 2126 Datqemitum
278 2062 360 2112 tellusi
381 2071 432 2126 tum
443 2065 536 2110 crebros
546 2060 636 2110 enfibus
646 2061 703 2108 ilius

87 2132 272 2192 congeminant.
293 2134 350 2180 Fors
359 2139 382 2178 et
394 2129 470 2178 virtus
478 2129 606 2177 miscentur
615 2128 638 2174 in
651 2140 735 2173 unum.

86 2201 127 2246 Ac
138 2197 212 2257 velut,
225 2198 316 2260 ingenti
326 2195 373 2246 Sila
385 2196 505 2247 summove
511 2195 636 2251 Taburno,

35 2293 38 2298 ·
86 2265 151 2311 cum
163 2265 211 2312 duo
220 2263 335 2314 conversis
346 2263 443 2312 inimica
456 2262 480 2312 in
492 2259 580 2324 proelia
592 2257 654 2308 tauri

71 2381 74 2390 Α
84 2329 214 2378 Frontibus
225 2331 361 2389 incurruntg
381 2330 462 2392 pavidi
473 2327 554 2378 cellere
566 2324 683 2386 magistri:

83 2397 138 2443 Stat
149 2411 220 2455 pecus
230 2413 301 2446 omne
311 2407 379 2447 metu
390 2409 494 2455 mutum,
507 2391 655 2454 mussantque
662 2391 783 2454 juvencae,

80 2459 147 2520 ,Qis
158 2463 237 2520 pecori
249 2465 380 2524 imperitet,
394 2475 464 2528 quem
477 2472 530 2512 tota
542 2470 648 2510 armenta
660 2459 797 2521 sequentur:

86 2521 124 2568 illi
134 2526 197 2574 inter
208 2527 253 2577 sese
263 2529 340 2579 multa
353 2530 375 2580 vl
387 2529 484 2579 vulnera
496 2528 602 2592 miscent,

86 2589 231 2650 Coeumque
240 2595 326 2642 obnixi
336 2595 449 2657 infigunt,
462 2607 485 2644 et
493 2595 603 2661 sauguine
612 2591 678 2655 largo

86 2651 156 2699 Colla
165 2657 291 2720 armosque
300 2659 397 2712 lavant:
416 2663 507 2726 gemitu
516 2663 680 2724 uemuromuc
688 2653 792 2718 remugit.
