1806 2912
180 41 434 94 Aruernos
468 41 554 120 usu.
583 41 641 88 xu.
675 27 744 102 sss.
793 49 839 106 ³23
881 9 902 30 X*

100 146 209 197 Pondere
218 143 313 200 defecit,
325 141 485 204 praedamque
495 155 525 188 ex
534 139 651 200 unguibus
661 135 709 187 ales

101 212 206 273 Projecit
217 209 297 266 fluvio,
310 205 448 268 penitusque
459 207 485 252 in
497 204 578 253 nubila
587 206 656 265 sugit.
702 241 706 246 .

20 294 23 305 ·
101 281 169 326 Tum
180 293 234 324 vero
245 273 368 335 augurium
381 269 465 322 Rutuli
476 269 577 319 clamore
588 271 701 331 salutant,

103 343 290 404 Expediuntque
301 354 399 387 manus:
418 338 553 400 primusque
561 336 704 385 Tolumnius
716 351 798 401 augur,

103 413 159 460 Hoc
167 419 226 466 erat,
238 407 283 456 hoc
295 406 367 464 votis,
380 405 468 465 inquit,
481 407 546 465 quod
556 404 622 464 saepe
633 403 715 464 petivi.

104 473 208 536 Accipio
218 473 449 535 agnoscoqueDeos:
471 486 518 527 me,
531 486 568 517 me
580 469 646 528 duce,
659 473 750 519 fenum

106 541 235 600 corripite,
248 536 366 595 &Rutuli
379 548 439 598 quos
450 535 571 596 improbus
582 537 673 588 adressa
684 534 748 585 bello
809 535 816 548 ⁸

104 605 221 663 Territat,
233 601 347 662 invalidas
357 613 385 655 ut
396 617 462 660 aves3
482 611 506 651 et
514 599 584 650 litora
594 601 669 651 vestra
802 605 805 610 ’

104 674 135 722 vi
147 669 254 733 populat.
274 673 342 718 Petet
353 667 392 717 ille
404 672 493 730 sugam,
507 669 645 730 penitusque
656 668 775 730 profundo

105 737 165 787 Vela
176 738 250 786 dabit.
269 739 317 784 Vos
327 735 435 786 unanimi
447 734 541 782 densare
553 745 666 794 catervas,

104 807 140 854 Et
152 819 230 864 regem
239 803 304 850 vobis
316 819 394 863 pugna
403 802 522 850 defendite
534 811 637 862 raptum.

140 870 222 927 Dixit,
235 877 258 918 et
269 869 374 917 adversos
383 865 456 916 telum
468 867 580 916 contorsit
592 869 616 915 in
626 867 702 918 hostes
780 927 786 935 Ι

105 938 261 986 Procurrens:
280 933 384 983 sonitum
395 937 437 986 dat
450 933 543 982 stridula
555 951 647 993 cornus,
659 945 683 983 et
694 951 762 985 auru

105 1005 178 1052 Certa
189 1001 256 1050 secat.
277 1000 352 1050 Simul
363 1001 418 1060 hoc,
430 999 499 1048 fimul
509 1001 591 1062 ingens
601 999 699 1060 clamor,
710 1011 736 1051 et
745 1017 830 1064 omnes

105 1069 208 1116 Turbati
219 1067 296 1124 cunei,
305 1067 465 1130 calefattaque
476 1070 546 1115 corda
557 1065 670 1115 tumultu.

107 1132 181 1182 Hasta
191 1133 281 1190 volans,
295 1143 327 1184 ut.
334 1135 395 1181 forte
404 1149 490 1182 norem
499 1132 655 1193 pulcherrima
667 1137 767 1184 fratrum

106 1202 214 1258 Corpora
223 1199 375 1249 constiterant
384 1210 477 1260 contra,
489 1213 549 1261 quos
558 1199 604 1248 fida
615 1198 706 1250 creirat

109 1267 166 1314 Una
177 1273 214 1314 tot
225 1268 330 1316 Arcadio
341 1267 429 1331 conjux
438 1265 563 1328 Tyrrhena
572 1265 685 1327 Gilippo;

107 1334 202 1380 Horum
210 1349 285 1381 unum
296 1336 328 1382 ad
339 1336 453 1393 medium,
465 1333 551 1381 teritur
560 1349 606 1394 qua
617 1332 692 1382 sutilis
701 1332 755 1384 alvo
830 1343 834 1352 ’

108 1397 211 1454 Balteus,
223 1408 247 1446 et
256 1397 357 1446 laterum
367 1401 487 1459 juncturas
497 1397 568 1444 fibula
580 1401 681 1460 mordet,

107 1461 236 1521 Egregium
249 1463 326 1508 forma
335 1463 446 1522 juvenem
457 1472 482 1509 et
493 1461 636 1521 fulgentibus
647 1466 727 1524 armis,

108 1526 260 1585 Transsdigit
272 1524 354 1584 costas,
367 1525 478 1587 fulvaque
486 1525 585 1574 effundit
594 1543 672 1575 arena.
737 1565 741 1572 .

109 1597 150 1642 At
161 1595 253 1650 fratres,
266 1592 370 1639 animosa
379 1591 484 1654 phalanx
496 1593 636 1652 accensaque
647 1591 719 1654 lustu,

108 1663 168 1709 Pars
177 1657 269 1719 gladios
278 1656 395 1717 stringunt
407 1659 525 1715 manibus,
536 1673 590 1718 pars
602 1657 683 1707 missile
694 1664 783 1711 ferrum

108 1725 257 1786 Corripiunt,
269 1725 377 1785 caecique
386 1734 471 1782 ruunt3
491 1739 550 1786 quos
562 1725 657 1785 agmina
668 1735 751 1775 contra

108 1793 254 1840 Procurrunt
263 1793 419 1838 Laurentum.
439 1791 502 1838 Hinc
513 1789 576 1837 densi
588 1790 663 1839 rursus
674 1793 794 1848 inundant

100 1857 194 1915 Trois,
208 1853 373 1918 Agyllinique,
385 1868 409 1905 et
421 1857 490 1916 pislis
498 1857 604 1904 Arcades
612 1858 691 1907 armis.

111 1924 149 1971 Sic
158 1939 240 1971 omnes
251 1939 319 1970 amor
327 1939 386 1970 unus
395 1923 466 1971 habet
475 1925 598 1976 decernere
607 1925 677 1972 ferro.

110 1987 237 2048 Diripuere
247 2004 308 2044 aras;
329 1990 348 2035 it
357 1999 410 2036 toto
419 1992 513 2038 turbida
523 1989 588 2038 coelo

110 2051 249 2113 Tempestas
259 2051 369 2116 telorum,
382 2069 408 2102 ac
420 2058 506 2103 ferreus
514 2055 603 2116 ingruit
614 2057 704 2104 imber:

111 2119 274 2180 Craterasque‚
286 2119 396 2180 focosque
407 2121 494 2168 ferunt.
514 2121 584 2180 Fugit
596 2121 643 2182 ipse
652 2123 762 2186 Latinus,

111 2183 220 2234 Pulsatos
230 2187 332 2232 referens
342 2185 530 2239 infestofoedere
538 2187 623 2236 Divos.

112 2254 250 2300 Infraenant
259 2249 299 2299 alii
308 2267 396 2310 currus,
409 2261 450 2300 aut
459 2269 557 2314 corpora
566 2252 626 2302 saltu

112 2311 245 2379 subjiciunt
254 2317 279 2364 in
288 2332 370 2378 equos,
382 2327 406 2366 et
416 2317 498 2368 strnue
507 2319 598 2368 ensibus
608 2321 703 2372 adsunt.

111 2380 230 2444 Messapus
239 2399 326 2444 regem,
336 2383 439 2446 regisque
449 2384 537 2447 insigne
548 2395 669 2447 gerentem

17 2439 26 2494 .’
110 2449 263 2511 Tyrrhenum
272 2447 394 2509 Aulesten,
407 2451 488 2500 avidus
496 2455 639 2502 confundere
650 2456 741 2517 foedus,

113 2651 142 2696 ln
152 2657 232 2710 caput,
243 2649 315 2714 inque
324 2649 442 2702 humeros.
460 2655 499 2704 At
511 2653 613 2702 fervidus
624 2651 719 2704 advolat
729 2652 795 2704 hasta

119 2745 127 2778 r

112 2515 347 2577 Adrerfoproterret
359 2533 434 2578 equo:
453 2519 499 2568 ruit
509 2518 548 2568 ille
560 2521 677 2580 recedens,
893 2493 895 2508 .

113 2582 147 2630 Et
157 2582 228 2628 miser
233 2581 347 2643 oppositis
356 2583 369 2630 i
377 2593 443 2646 tergo
451 2584 580 2634 involvitur
590 2587 636 2634 aris
827 2511 895 2884 j
