1818 2914
91 57 138 108 208
201 65 453 122 AENEIDOS
485 65 573 113 ΜΒ,
604 67 657 116 Vll.
709 77 748 126 13.

90 151 145 200 Un't
156 153 282 203 odoratam
294 155 405 210 nouum
416 152 544 205 inlumina
556 159 662 217 cedrum,

88 221 185 278 Arguto
196 230 278 268 tenues
288 234 422 282 peraurrens
431 221 524 279 pectine
536 221 602 271 telas.

88 285 151 333 Hinc
163 287 267 336 exaudiri
278 287 386 346 gemitus,
398 285 493 346 iraeque
505 286 599 336 leonum

89 351 173 400 Vincla
183 353 336 410 recusantum,
349 361 373 400 et
385 351 433 400 sera
445 355 486 400 suh
498 357 564 402 noete
576 356 718 406 medentum:

90 419 232 482 Setigerique
243 420 299 473 sues,
313 429 385 480 atque
397 419 422 466 in
434 421 580 482 praesepibus
591 421 635 470 ursi
722 425 732 440 ⁴

89 488 188 546 Saevire,
200 501 226 533 ac
237 487 327 532 formae
339 501 481 546 magnorum
492 487 579 538 ululare
590 487 714 550 luporum:

89 554 154 616 Quos
165 551 288 600 hominum
300 567 329 598 ex
342 553 402 601 facie
412 555 465 601 Dea
476 554 539 602 saeva
551 557 687 616 potentibus
697 556 781 609 uerbis

88 619 196 667 Induerat
209 618 276 666 Circe
290 619 315 666 in
327 618 408 667 vultus
419 635 446 668 ac
458 627 522 680 terga
533 623 644 670 ferarum.

88 685 154 748 Quae
166 701 194 732 ne
207 684 314 733 monstra
322 686 357 747 pii
368 697 504 748 paterentur
514 687 656 738 taliaTrois

85 750 168 800 Delati
180 752 204 798 in
217 761 309 812 portus,
323 770 369 802 neu
381 751 512 802 litora'dira
524 757 640 816 subirent3
703 747 709 757 ⁸

85 819 213 878 Neptunus
224 821 302 868 ventis
312 819 421 882 impleuit
434 820 485 870 vela
496 823 617 882 secundis;

54 907 69 942 j
85 887 170 946 Atque
184 888 265 947 fugam
277 887 352 946 dedit,
365 897 389 936 et
401 899 493 950 praeter
505 892 564 938 vada
575 891 665 938 fervida
676 891 750 940 vexit.

120 955 222 1016 Jamque
235 956 367 1002 rubescebat
380 955 449 1002 radiis
461 973 533 1014 usare,
546 967 570 1006 et
583 957 677 1006 aethere
688 959 718 1006 ab
730 956 779 1008 alte

87 1021 183 1068 Aurora
195 1021 220 1068 in
232 1023 301 1069 roseis
313 1020 416 1082 fulgebat
428 1019 491 1070 lutea
503 1023 573 1084 bigis;

86 1088 148 1135 Cium
163 1089 228 1138 renti
239 1087 342 1148 posuire,
356 1089 478 1148 omnisque
490 1101 587 1149 repente
598 1089 681 1142 resedit

87 1151 177 1212 Flatus,
192 1165 215 1204 et
227 1155 253 1201 in
265 1153 329 1200 lento
341 1152 459 1200 luttantur
471 1169 589 1204 marmore
601 1157 690 1204 tonsae.

87 1223 172 1280 Atque
184 1219 226 1266 hic
238 1223 333 1265 Aeneas
343 1219 463 1277 ingentem
476 1234 504 1264 ex
516 1235 618 1278 aequore
629 1221 709 1268 lucum

86 1285 207 1346 Prospicit.
227 1287 297 1332 Hunc
309 1284 370 1330 inter
380 1284 452 1334 fluvio
462 1284 589 1331 Tiberinus
599 1302 712 1345 amoeno,

86 1351 218 1400 Vorticibus
230 1350 325 1410 rapidis,
338 1359 362 1398 et
375 1349 450 1398 multa
461 1349 534 1401 flavus
545 1365 626 1409 arena,

87 1415 115 1466 ln
128 1432 190 1465 mare
202 1416 344 1478 prorumpit.
364 1416 445 1465 Variae
457 1416 591 1478 circumque
602 1419 718 1479 supraque
776 1441 779 1450 v

87 1481 199 1534 assuetae
212 1483 268 1546 ripis
280 1481 392 1542 volucres,
401 1495 425 1532 et
440 1483 541 1532 fluminis
553 1481 629 1543 alveo,

87 1551 195 1601 Aethera
207 1551 342 1600 mulcebant
354 1559 434 1609 cantu,
445 1549 546 1612 lucoque
557 1550 682 1599 volabant.

88 1617 190 1668 Flectere
201 1619 246 1668 iter
257 1619 332 1678 sociis,
345 1630 466 1680 terraeque
475 1621 594 1667 advertere
606 1627 687 1680 proras

88 1692 203 1748 Imperat,
215 1697 240 1736 et
252 1684 326 1734 laetus
338 1684 408 1734 'fluvio
419 1686 518 1734 succedit
530 1701 612 1746 opaco.

122 1759 195 1802 Nunc
204 1771 255 1814 age,
268 1755 309 1814 qui
321 1769 392 1812 reges,
405 1756 490 1811 Erato,
501 1764 561 1812 quae
574 1763 682 1814 tempora
693 1765 784 1812 rerum,

90 1821 150 1886 Qis
163 1821 235 1868 Latio
246 1819 346 1880 antiquo
359 1819 427 1866 fuerit
441 1817 521 1876 status,
536 1819 625 1866 advena
637 1815 731 1866 clallem
796 1857 798 1864 ,

90 1892 153 1936 Cum
166 1885 267 1946 primum
281 1884 393 1932 Ausoniis
404 1884 519 1932 exercitus
530 1883 623 1946 appulit
635 1885 691 1942 oris,

89 1953 236 2014 Expediam3
256 1957 279 2000 et
292 1951 380 2012 primae
393 1954 506 1998 revocabo
517 1953 614 2000 exordia
626 1966 726 2012 pugnae.

89 2021 130 2068 Tu
143 2031 230 2076 vatem,
243 2029 279 2076 tu,
293 2019 364 2076 Diva,
378 2034 456 2066 mone.
476 2018 562 2066 Dicam
575 2019 671 2068 horrida
679 2015 755 2076 hella3

90 2087 178 2138 Dicam
191 2087 260 2144 acies,
272 2085 379 2146 auosque
391 2085 477 2132 animis
488 2085 512 2132 in
523 2088 604 2132 funera
615 2101 687 2146 reges,

89 2156 288 2216 Tyrrhenamque
301 2167 407 2210 manum,
420 2161 544 2212 totamque
556 2153 596 2200 suh
608 2169 674 2199 arma
685 2152 795 2200 coustant

91 2221 237 2280 Hesperiam.
258 2220 336 2281 Major
348 2235 424 2267 rerum
436 2219 497 2266 mihi
509 2219 611 2267 nascitur
621 2221 678 2266 ordo
689 2234 696 2264 ε

92 2287 172 2346 Mujus
181 2301 241 2344 opus
254 2301 345 2333 moveo.
366 2289 419 2333 Rex
431 2301 485 2332 arva
497 2286 599 2339 Latin·a
609 2295 633 2334 et
646 2287 712 2332 urbes

90 2355 143 2413 Janr
157 2350 232 2398 senior
243 2350 314 2411 longa
327 2351 429 2411 placidas
440 2351 465 2399 in
477 2368 533 2412 pace
546 2353 645 2413 regebat.

90 2419 162 2463 Hunc
176 2420 255 2463 Fauno
267 2427 290 2465 et
302 2419 415 2478 Nympha
428 2420 532 2479 genitum
545 2423 663 2466 Laurente
674 2418 770 2468 Marica

89 2481 247 2537 Accipimus.·
257 2487 338 2530 Fauno
351 2485 420 2532 Picus
432 2496 511 2546 pater3
531 2483 594 2546 isque
606 2495 730 2546 parentem

89 2545 134 2597 Te,
148 2549 256 2603 Saturne,
270 2551 354 2596 refert:
374 2561 401 2600 tu
414 2552 531 2612 sanguinis
543 2552 641 2600 ultimus
651 2556 740 2600 autlor.

91 2609 108 2649 F
111 2604 162 2650 ilius
174 2608 236 2666 huic,
250 2615 302 2658 fato
312 2614 414 2673 Divirm,
427 2617 550 2678 prolesque
562 2618 633 2667 vitilia

89 2667 161 2714 Nun&
172 2671 227 2729 ruit,
240 2677 364 2738 primaque
376 2683 453 2730 oriens
466 2697 548 2744 erepta
556 2688 656 2748 jutheuta
667 2683 709 2735 eit.
