1814 2910
175 41 543 95 oenum-Mum.
598 49 654 100 ²⁴0·
767 44 796 92 73

58 144 146 194 Primus
152 144 289 202 abundum
309 151 333 192 et
342 141 477 204 spumantia
485 157 566 201 eogere
576 139 657 200 pretiis

53 210 124 261 Melia
135 213 208 259 favis:
228 209 262 258 iili
274 210 348 267 tiliae,
360 220 433 270 atque
442 210 562 257 uberrima
574 207 659 268 pinus:

58 281 169 340 Quotque
178 279 204 326 in
217 279 272 332 dore
283 293 348 324 novo
359 275 436 337 pomis
447 276 469 323 se
480 273 566 324 fertilis
580 275 651 321 arbos
687 293 692 299 ·

57 348 172 402 Induerat,
184 344 288 394 totidem
300 353 418 391 autumno
430 351 521 391 matura
533 343 641 390 tenebat.

52 410 92 458 lile
102 412 174 460 etiam
184 411 243 466 seras
253 411 279 456 in
291 409 383 457 uersum
395 407 484 458 distulit
492 408 580 466 ulmos,

57 481 206 538 Eduramque
216 490 312 538 pyrum,
326 485 351 524 et
363 475 442 536 spinos
452 477 500 537 jam
514 492 589 536 pruna
601 477 714 534 ferentes,
804 499 808 508 ,
888 477 890 484 ’

60 547 157 608 Jamque
169 543 342 594 ministrantem
354 541 481 603 platanum
492 542 630 604 potantibus
639 545 744 590 umbrae.

58 615 140 660 Verum
153 611 212 659 haec
221 611 398 671 ipseequidem‚
411 606 493 670 spatiir
503 607 607 656 exclusus
619 609 707 670 iniquis

59 680 191 734 Praetereo,
200 686 275 738 atque
282 676 333 724 aliis
344 675 397 738 post
406 693 445 724 me
457 677 608 724 memoranda
618 675 734 738 relinquo.

91 749 165 792 Nunc
176 759 226 804 age,
239 753 334 791 naturus
344 744 427 806 apibus
436 760 494 806 quas
504 743 596 806 Jupiter
605 742 652 802 ipse

60 811 174 868 Addidit,
187 811 326 871 expediam:
345 827 389 872 pro
398 828 445 872 qua
453 810 567 867 mercede,
580 825 678 856 canoros

56 883 168 927 Curetum
179 877 268 926 sonitus
278 877 467 938 crepitantiaque
480 893 531 924 aera
543 876 641 940 secutae,

58 946 155 994 Dictaeo
162 942 226 994 coeli
239 959 318 1002 regem
330 958 415 1002 paruere
424 942 464 988 sub
476 951 561 1006 antrat
606 979 610 983 .

58 1009 123 1060 Solae
133 1025 275 1066 communes
288 1018 366 1066 natos,
380 1008 497 1056 consortia
509 1010 571 1056 testa

59 1079 130 1126 Urbis
140 1077 240 1134 habent,
253 1074 391 1136 magnisque
402 1075 495 1136 agitant
506 1075 547 1123 sub
556 1073 645 1136 legibus
657 1091 753 1123 aevum:
812 1133 816 1136 ι

56 1147 89 1193 Et
100 1143 203 1204 patriam
212 1140 284 1200 solae,
296 1151 321 1190 et
330 1151 406 1190 certos
415 1157 500 1190 nouere
511 1153 608 1202 penates
618 1157 624 1189 :

57 1213 223 1274 venturaeque
234 1209 319 1260 hiemis
330 1225 454 1267 memores,
468 1209 552 1257 aestate
564 1208 669 1260 laborem

58 1277 231 1336 Experiuntur,
243 1285 268 1324 et
279 1276 304 1322 in
317 1275 421 1325 medium
432 1275 536 1338 quaefita
547 1284 674 1337 rcp'onunt.

58 1347 171 1405 Namque
182 1341 242 1392 aliae
253 1343 315 1390 vitiu
326 1341 461 1402 invigilant,
473 1354 498 1392 et
509 1345 601 1390 foedere
612 1347 681 1404 padio
745 1399 748 1408 Ι

2 1459 3 1466 ,
56 1413 207 1460 Exercentur
216 1409 289 1468 agris3
309 1425 364 1470 pars
375 1411 439 1457 intra
450 1409 515 1468 septa
526 1413 652 1462 dumorum

2 1501 3 1506 =
55 1473 161 1524 Narcissi
173 1472 314 1532 lacrymam,
325 1487 350 1522 et
361 1474 453 1522 lentum
466 1475 494 1522 de
505 1473 592 1520 cortice
604 1473 696 1533 giuten,

55 1543 146 1588 Prima
158 1536 220 1583 savis
229 1548 323 1595 ponunt
334 1539 487 1593 fundamina3
503 1539 586 1584 deinde
597 1548 691 1586 tenaces

57 1604 218 1666 suspendunt
231 1617 308 1649 ceras:
327 1601 395 1660 aliae,
408 1602 472 1664 spem
485 1605 570 1664 gentis,
585 1601 679 1650 adnitor

2 1701 3 1706 =
49 1675 175 1726 [Educunt
187 1672 267 1718 foetus
272 1689 279 1728 3
298 1667 358 1717 aliae
367 1668 486 1730 purissrma
498 1667 569 1717 mella

2 1747 3 1750 ’
59 1741 168 1800 Stipant,
181 1745 206 1784 et
215 1734 309 1809 liquido
318 1735 455 1785 distendunt
468 1739 564 1785 ncdtare‘
570 1735 648 1786 cedias.

62 1811 133 1863 Sunt,
146 1803 234 1866 quibus
244 1806 366 1866 adportas
379 1806 462 1854 cecidit
474 1803 577 1853 custodia
588 1806 657 1864 sorti;

59 1876 136 1934 inque
145 1872 219 1919 vicem
232 1870 474 1934 speculanturqaquau
487 1884 511 1921 et
520 1871 601 1921 nubila
612 1871 685 1922 coeiie
726 1900 728 1904 .
785 1886 786 1890 ’

57 1944 114 1987 Aut
123 1953 195 1986 onera
202 1939 321 1998 accipiunt
329 1941 475 1998 venientum,
488 1950 528 1987 aut
541 1940 635 1998 agmine
644 1942 707 1988 satio

61 2009 178 2065 ignavum
191 2007 258 2052 fucos
266 2007 614 2065 pecusipraesep'ruus-arcent.
693 2025 696 2030 ’
779 2021 782 2026 “

22 2105 27 2114 -
58 2077 145 2120 Fervet
154 2087 225 2131 opus,
238 2070 392 2132 redolentque
401 2071 624 2132 thymofragrantia
637 2068 715 2118 mella.

58 2144 101 2188 Ac
112 2137 198 2196 veluti,
210 2136 282 2188 lentis
291 2137 408 2198 Cyclopes
419 2137 519 2184 fulmina
532 2136 608 2185 maffia

56 2209 122 2253 Cium
131 2217 271 2266 properant,
284 2204 324 2252 aiii
333 2204 435 2252 taurinis
446 2203 541 2252 follibus
550 2221 618 2252 auras

58 2273 195 2333 Accipiunt
201 2274 364 2333 redduntque3
384 2269 424 2318 aiii
437 2269 557 2320 stridentia
568 2275 667 2331 tingunt

59 2343 126 2387 nera
138 2338 206 2389 lacu:
226 2337 301 2399 gemit
309 2336 426 2398 impofitis
437 2337 561 2386 incudibus
569 2341 663 2387 Aetna:

57 2403 98 2452 lili
108 2406 174 2454 inter
183 2405 229 2452 sese
239 2417 323 2465 magna
332 2405 355 2452 vi
367 2405 462 2472 brachia
473 2405 564 2454 tollunt

58 2474 88 2516 in
100 2487 239 2529 numerum,
251 2471 390 2533 versantque
401 2473 477 2520 tenaci
487 2473 575 2534 forcipe
585 2475 681 2522 ferrum.
732 2505 734 2508 -
814 2469 818 2476 ⁴

57 2540 119 2584 Non
132 2537 211 2596 aliter,
222 2537 239 2585 fi
251 2553 323 2599 parva
332 2537 386 2588 iicet
393 2535 535 2600 componere
549 2541 649 2600 magnis,

56 2605 189 2664 Creeopias
200 2605 297 2654 innatus
309 2621 363 2666 apes
370 2615 439 2654 amor
448 2616 514 2665 urget
522 2606 636 2663 habendi,

56 2673 166 2719 Munere
178 2687 299 2736 quamque
309 2673 357 2723 suo.
376 2672 525 2723 Grandaevis
535 2672 624 2734 oppida
634 2683 712 2725 curae,
730 2728 734 2729 ⁷
