1806 2912
876 19 900 54 v<

177 58 431 116 nauauuos
464 59 551 107 uin.
581 59 626 106 xi.
678 57 735 121 ⁶³3·
787 72 835 124 30,

88 164 156 212 Tum
167 174 224 208 vero
233 166 259 206 et
268 153 369 220 gemitus
378 153 533 212 morientum,
545 165 569 204 et
582 154 692 217 sanguine
704 156 730 206 ln
741 153 792 208 alto

36 254 40 258 ·
90 233 226 288 Armaque,
238 237 393 284 corporaque,
405 231 430 270 et
439 221 543 282 permisti
553 224 622 272 caede
631 222 736 272 virorum

90 293 246 346 Semianimes
258 288 386 339 volvuntur
394 289 463 350 equi:
483 305 563 351 pugna
574 289 654 350 aspera
665 289 745 352 surgit.

13 411 15 418 ,
91 359 228 412 Orsilochus
238 355 344 414 Remuli,
356 357 453 418 quando
464 355 540 420 ipsum
550 357 662 406 honebat
672 357 744 418 adire,

13 425 15 470 ἶ
77 427 193 496 ,Hastam
200 422 298 474 intorsit
309 439 380 487 equo,
393 425 529 485 linumque
537 423 579 472 sub
590 441 645 474 aure
654 423 759 488 reliquit.
810 439 813 450 ¹

120 512 151 544 uo
163 493 253 556 sonipes
265 493 312 540 istu
325 490 382 539 furit
394 491 489 549 arduus,
501 487 596 554 altaque
605 491 689 555 justat,

93 565 132 612 Vu
143 562 202 610 neris
216 557 352 620 impatiens,
364 559 454 606 arretio
464 559 565 620 petlore,
578 575 653 608 crura.
712 609 718 626 ‚

93 627 204 679 Volvitur
215 624 255 674 ille
266 622 372 674 excussus
383 623 459 673 humi.
479 624 581 674 caulius
592 625 677 688 lolam,

94 700 266 759 lugentemque
279 692 374 753 animis,
386 692 508 754 ingentem
517 707 614 754 corpore
624 703 649 744 et
660 695 736 744 armis

93 763 189 825 Dejecit
199 759 363 808 Herminium:
383 761 447 807 nudo
457 759 494 808 cui
503 760 589 808 vertice
601 759 666 810 fulva

94 828 222 886 Caesaries,
236 825 339 888 nudique
348 826 448 876 humeri.
467 829 519 874 Nee
527 825 736 886 vulneraterrentr

92 897 190 946 Tantus
201 894 227 944 in
235 901 302 942 arma
312 903 387 955 patet.
407 897 484 942 Latos
493 893 548 942 huic
558 891 625 942 hasla
635 911 677 956 per
687 909 767 944 armos

7 966 8 974 ’
94 965 159 1013 Atta
168 961 260 1020 tremit,
273 958 426 1023 duplicatque
437 961 514 1008 virum
525 959 649 1020 transfixa,
662 960 750 1010 dolore.
821 989 825 1004 κ

95 1027 213 1078 Funditur
223 1038 276 1077 ater
284 1027 371 1089 ubique
380 1043 459 1086 cruor3
479 1029 539 1080 dant
550 1030 633 1076 funera
644 1030 706 1077 ferro

96 1098 233 1154 certantem
253 1092 424 1158 pulchramque
435 1105 522 1157 petunt
532 1111 575 1156 per
584 1093 681 1144 vulnera
693 1103 804 1145 mortem.

96 1166 135 1212 At
147 1163 234 1212 medias
246 1163 308 1211 inter
319 1148 401 1210 caetles
411 1159 513 1211 exsultat
523 1165 647 1221 Amazon,
739 1207 741 1218 ,

95 1232 179 1278 Unum
189 1230 277 1279 exserta
289 1228 351 1280 latus
362 1244 463 1292 pugnae,
476 1227 615 1292 pharetrata
626 1228 744 1280 Camilla:

95 1297 129 1345 Et
141 1313 204 1346 nunc
215 1298 280 1347 lenta
292 1313 365 1346 manu
376 1297 486 1360 spargens
497 1294 589 1346 hastilia
598 1297 689 1358 denset,
806 1357 813 1366 ,.

94 1365 166 1412 Nunc
176 1361 279 1412 'validam
287 1366 372 1412 dextra
383 1366 447 1424 rapit
459 1361 570 1412 indelessa
582 1365 718 1426 bipennem¹

94 1432 190 1476 Aureus
199 1445 230 1474 ex
238 1430 337 1476 humero
349 1429 417 1476 sonat
428 1445 504 1487 arcus,
516 1439 541 1478 et
552 1445 619 1480 arma
629 1434 732 1482 Dianae.

95 1491 140 1543 llla
151 1493 234 1552 alam,
247 1491 369 1554 siquando
379 1492 404 1540 in
413 1503 506 1554 tergum
516 1493 582 1556 pulsa
591 1498 689 1558 recellit,

96 1559 191 1622 Spicula
203 1559 313 1608 converso
325 1559 441 1620 suglentia
452 1561 532 1622 dirigit
544 1577 608 1610 arcu.

96 1631 137 1676 Ac
149 1627 236 1676 cir‘cum
248 1623 320 1674 letiae
331 1625 440 1685 comites,
451 1627 589 1689 Larinaque
598 1628 674 1690 virgo,

96 1691 225 1756 Tullaque,
238 1703 262 1743 et
274 1701 379 1741 aeratam
391 1689 615 1757 quatiens'l'arpeia
627 1695 733 1757 secutur,

98 1760 205 1820 nauseo
225 1777 284 1822 quas
296 1758 345 1820 ipsa
357 1762 426 1809 decus
438 1760 481 1808 fibi
492 1761 530 1810 dia
541 1760 644 1812 Camilla

95 1827 201 1890 Delegit,
214 1827 323 1890 pacisque
335 1829 410 1876 bonas
419 1826 521 1890 bellique
530 1827 657 1878 ministras.

2 1911 5 1919 ’
97 1893 185 1958 Qales
196 1892 322 1944 Threi'tiae
333 1896 389 1943 cum
401 1895 500 1944 flumina
509 1895 714 1948 Thermodoontls

96 1959 204 2019 Pulsant,
216 1971 241 2009 et
253 1961 321 2022 pistis
332 1959 452 2012 bellantur
462 1967 600 2012 Amazones
612 1967 697 2014 annis:

96 2030 141 2075 Seu
152 2027 241 2074 circum
253 2025 414 2088 Hippolyten,
427 2029 465 2076 seu
477 2031 531 2077 curn
545 2030 567 2077 se
579 2032 669 2080 Martia
680 2049 749 2082 curru

96 2091 244 2141 Penthesilea
255 2095 336 2152 refert,
350 2109 485 2156 magnoque
495 2092 602 2155 ululante
613 2097 730 2157 tumultu,

96 2159 207 2208 Feminea
219 2157 339 2209 exsultant
351 2158 439 2209 lunatis
450 2161 546 2222 agmina
554 2159 632 2222 peltis.

96 2223 179 2291 Qem'
187 2225 236 2276 telo
245 2227 359 2288 primum,
372 2241 443 2289 quern
456 2226 599 2288 postremum
611 2229 692 2291 aspera
701 2233 767 2296 virgo

94 2292 199 2356 Dejicis?
218 2304 260 2343 aut
269 2303 329 2356 quot
336 2293 405 2342 humi
414 2295 542 2345 morientia
552 2311 650 2358 corpora
662 2299 758 2348 firnrlisl

94 2361 238 2409 Eumeniuni
247 2359 329 2424 Clytio
341 2361 445 2423 primum
456 2373 536 2424 patre3
555 2363 620 2425 cujus
632 2377 742 2428 apertum
888 2399 889 2408 ,

95 2425 194 2476 Adversr
206 2427 278 2488 longa
289 2429 462 2477 transverberat
474 2429 550 2479 abiete
559 2433 647 2493 petius.
887 2421 889 2457 l

94 2495 219 2555 Sanguinis
228 2493 267 2542 ille
279 2512 377 2544 vomens
388 2496 451 2545 rivos
462 2497 535 2555 cadit,
548 2507 620 2561 atque
632 2510 754 2551 cruentam
885 2495 888 2549 l

93 2561 191 2610 Mandlt
203 2562 312 2623 humum,
327 2563 474 2626 moriensque
486 2564 526 2612 suo
534 2565 557 2613 se
566 2566 591 2615 in
601 2565 696 2616 vulnere
707 2571 790 2619 versat.

74 2629 79 2640 ’
92 2627 157 2676 Tum
168 2629 246 2688 Lirin,
260 2629 421 2694 Pegasumque
432 2631 513 2694 super:
533 2638 639 2694 quorum*
648 2633 707 2686 alter
718 2637 823 2686 habenas

94 2693 192 2744 Suffosso
203 2695 322 2748 revolutus
332 2714 394 2761 equo
403 2700 460 2748 dum
469 2692 570 2763 conigit,
583 2699 644 2751 alter
