1818 2914
14 1 22 4 ⁷
101 39 151 94 ιρι
221 21 663 89 neumnensium.
708 40 763 105 298.

98 125 207 176 Portitor
218 127 263 175 hes
271 129 402 177 horrendus
411 143 493 187 aquas,
506 136 531 176 et
540 129 639 176 flumina
647 130 722 181 serrat
796 171 798 178 Α

96 189 210 241 Terribili
219 192 324 254 squalore
334 194 442 241 Charon:
460 193 499 240 eui
510 191 612 254 plurima
624 206 707 244 mento

97 258 205 308 Canities
215 257 302 308 inculta
310 259 384 319 jacen
404 255 466 306 stant
476 257 567 307 lumina
578 262 690 310 flamma:

97 325 211 374 Sordidus
221 342 251 374 ex
261 323 363 372 humeris
373 324 438 371 nodo
447 327 565 385 dependet
576 327 684 375 annitius.

46 403 48 409 ’
97 391 149 452 lpse
160 401 234 440 ratem
246 399 316 438 conto
325 389 420 456 subigit,
433 385 535 453 velisque
547 391 673 453 ministrat,

93 460 130 510 Et
142 458 268 517 ferruginea
279 455 399 505 subvectat
407 473 505 518 corpora
514 461 608 519 eymba,

93 527 150 590 Jam
160 523 247 573 senior:
266 519 385 573 stderuda
394 526 448 572 Deo
458 524 582 586 viridisque
593 525 703 576 seneslut.

92 593 148 638 Huc
155 587 230 636 omnis
242 589 312 636 turba
323 591 354 638 ad
364 590 426 652 ripas
437 588 505 638 effusa
516 593 610 650 ruebatt

92 657 190 711 Matres,
202 661 275 716 atque
286 655 340 716 viri,
352 658 509 719 defunctaque
519 675 618 720 corpora
629 658 678 707 rita

91 717 276 781 Magnanimilm
289 721 398 782 heroum,
410 725 486 786 pueri,
497 725 659 788 innuptaeque
670 721 770 787 puellae,

90 784 244 848 impositique
255 789 318 850 rogis
324 791 422 852 juvenes
432 801 489 842 ante
499 809 541 840 ora
550 803 689 854 parentumr

89 854 170 918 Qum
180 851 258 904 multa
269 856 294 906 in
304 856 373 918 sylvis
384 859 494 910 autumni
505 860 591 922 frigore
601 860 679 920 primo

87 919 168 981 Lapsa
179 922 270 974 eadunt
278 923 345 984 folia,
355 935 396 974 aut
406 928 437 974 ad
443 934 531 974 terram
542 925 631 986 gurgite
640 927 669 972 ab
679 923 730 973 alto

89 987 171 1054 Qam
183 987 273 1039 multae
283 989 445 1052 glomerantur
453 1009 515 1051 aves,
526 991 568 1040 ubi
580 991 677 1052 frigidus
687 1006 764 1040 annue

87 1054 168 1104 Trans
179 1066 282 1117 pontum
293 1059 370 1120 sugat,
384 1068 408 1107 et
419 1059 487 1107 terris
498 1058 610 1108 immittit
621 1057 713 1118 apricis.

86 1123 191 1172 Stabant
202 1132 296 1172 orantes
305 1125 378 1184 primi
389 1124 548 1173 transmittere
559 1123 659 1182 urrsum,

85 1187 276 1249 Tendebantqu'e
286 1205 369 1237 manus
380 1190 444 1252 ripae
452 1187 569 1238 ulterioris
578 1205 667 1238 amore.

14 1291 15 1296 ,
86 1255 177 1306 Navita
186 1255 226 1303 sed
234 1253 305 1304 tristis
314 1249 379 1302 nuuc
389 1253 433 1302 hos
444 1271 507 1302 nunc
515 1255 601 1314 accipit
613 1253 677 1314 illos,
732 1275 753 1300 .·

85 1320 133 1371 Ast
143 1319 201 1382 alios
209 1319 278 1382 longe
285 1321 406 1370 submotos
416 1329 479 1370 arcet
486 1336 564 1370 arena.

120 1393 214 1437 Aeneas
225 1389 336 1452 (miratus
346 1388 419 1445 enim,
429 1387 554 1448 motusque
565 1385 683 1449 tumultu)

83 1457 141 1514 Dic,
153 1455 197 1514 ait,
209 1453 226 1504 t
237 1455 311 1517 virgo,
323 1455 381 1518 quid
390 1454 441 1504 vult
452 1454 612 1503 coneursusad
620 1449 731 1502 amnem?

85 1524 180 1590 Quidve
191 1532 277 1584 petunt
288 1519 395 1576 animae?
413 1520 451 1572 vel
461 1537 510 1583 quo
520 1517 726 1581 discnminerlpae

83 1593 137 1642 Hae
145 1587 269 1652 linquunt,
281 1587 334 1638 illae
342 1590 412 1638 remis
423 1590 483 1638 rada
493 1585 566 1637 livida
575 1585 706 1636 verreret·

85 1657 135 1708 Olli
140 1656 175 1706 sic
183 1657 285 1712 breuiter
295 1659 346 1706 sata
355 1655 388 1705 est
395 1655 510 1718 vlongaeva
518 1656 636 1706 sacerdos:

82 1723 191 1775 Anchisa
202 1732 319 1784 generate,
331 1721 412 1772 Deiim
421 1721 545 1772 cei-tissima
556 1720 644 1782 proles,

15 1799 16 1802 ’
84 1791 171 1852 Cocyti
183 1787 262 1850 singna
273 1787 322 1838 alta
329 1789 405 1848 vides,
417 1789 572 1850 Stygiamque
581 1785 703 1848 paludem,

83 1856 122 1908 Di
133 1857 197 1918 eujus
205 1857 283 1918 jurare
293 1857 381 1904 timent
392 1865 417 1904 et
428 1853 508 1904 saliere
518 1870 616 1902 numen.
642 1911 645 1913 ,

27 1936 33 1945 ·
84 1927 151 1974 Haec
162 1921 249 1980 omnis,
261 1937 334 1982 quarn
343 1923 427 1980 cernis,
437 1923 507 1982 inops
517 1920 691 1982 inhumataque
701 1915 840 1968 turbaelit·

85 1991 193 2040 Portitor
204 1986 252 2046 ille,
261 1987 372 2038 Charon:
392 1988 426 2047 hi,
439 2003 499 2052 quos
510 1987 577 2037 vehit
584 1991 659 2046 unda,
668 1983 761 2050 sepulti.

86 2059 139 2108 Nec
147 2057 210 2118 ripas
220 2057 291 2106 datin
301 2055 438 2115 horrendas,
451 2072 494 2105 nee
504 2071 574 2104 rauca
585 2056 673 2102 fluente

85 2119 258 2185 Tmnsportare
269 2124 342 2184 prius,
354 2139 425 2186 quam
438 2121 528 2172 sedibus
540 2118 587 2170 ossa
598 2119 718 2182 quierunt.
773 2173 778 2182 ¹

86 2193 190 2239 Centum
201 2199 282 2238 errant
293 2207 376 2250 annos,
388 2189 539 2252 rosrtantque
548 2187 605 2237 haec
614 2186 683 2236 litora
693 2185 783 2232 ciream
793 2197 802 2231 t

84 2256 151 2304 Tum
163 2257 259 2308 demum
271 2255 361 2304 ridmilii
372 2255 451 2319 stagna
460 2265 574 2318 exoptata
583 2252 692 2302 revisunt.

119 2319 233 2369 Constitit
241 2323 348 2371 Anchisa
358 2324 430 2384 satus,
443 2333 467 2374 et
478 2321 572 2384 vestigia
583 2317 675 2381 pretlitt

85 2383 165 2433 Multa
177 2396 273 2446 putans,
284 2387 419 2452 sortemque
428 2391 508 2439 animo
520 2387 640 2440 miseratus
649 2383 772 2446 iniquam
783 2393 812 2436 'i

85 2450 168 2498 Cernit
178 2450 210 2498 ibi
221 2453 331 2512 moestos,
343 2465 367 2504 et
379 2457 463 2506 mortis
472 2457 561 2509 honore
572 2462 686 2509 carentes,

84 2511 235 2574 Lfflfflsplfflr
248 2529 274 2567 et
282 2521 371 2581 Lyciae
381 2525 502 2572 dustorem
515 2521 588 2572 classis
600 2523 732 2570 Orontemt

86 2577 163 2654 Qfflssp
175 2577 243 2629 fimul
255 2583 352 2648 aiija
363 2589 460 2638 ventosa
470 2603 623 2652 persequere
634 2587 721 2644 resins,

85 2642 172 2704 Obruit
180 2645 276 2708 aare,
289 2665 352 2712 aqua
363 2653 487 2706 involvens
498 2671 632 2720 navemque
642 2651 759 2714 virosque.
