<?xml version="1.0" encoding="UTF-8"?>
<!DOCTYPE html PUBLIC "-//W3C//DTD XHTML 1.0 Transitional//EN"
    "http://www.w3.org/TR/xhtml1/DTD/xhtml1-transitional.dtd">
<html xmlns="http://www.w3.org/1999/xhtml" xml:lang="en" lang="en">
 <head>
  <title>
</title>
<meta http-equiv="Content-Type" content="text/html;charset=utf-8" />
  <meta name='ocr-system' content='tesseract 3.04.00' />
  <meta name='ocr-capabilities' content='ocr_page ocr_carea ocr_par ocr_line ocrx_word'/>
</head>
<body>
  <div class='ocr_page' id='page_1' title='image "./bucolicageorgic03virggoog/bucolicageorgic03virggoog_0319.png"; bbox 0 0 1806 2912; ppageno 0'>
   <div class='ocr_carea' id='block_1_1' title="bbox 166 67 830 128">
    <p class='ocr_par' dir='ltr' id='par_1_1' title="bbox 166 67 830 128">
     <span class='ocr_line' id='line_1_1' title="bbox 166 67 830 128; baseline -0.012 -8"><span class='ocrx_word' id='word_1_1' title='bbox 166 71 421 120; x_wconf 74' lang='lat' dir='ltr'>AENEIDOS</span> <span class='ocrx_word' id='word_1_2' title='bbox 456 69 541 116; x_wconf 72' lang='lat' dir='ltr'>tiu.</span> <span class='ocrx_word' id='word_1_3' title='bbox 574 67 630 114; x_wconf 80' lang='lat' dir='ltr'>XII.</span> <span class='ocrx_word' id='word_1_4' title='bbox 675 79 733 127; x_wconf 82' lang='lat'>333.</span> <span class='ocrx_word' id='word_1_5' title='bbox 785 78 830 128; x_wconf 72' lang='lat'>325</span> 
     </span>
    </p>
   </div>
   <div class='ocr_carea' id='block_1_2' title="bbox 89 167 835 704">
    <p class='ocr_par' dir='ltr' id='par_1_2' title="bbox 89 167 744 232">
     <span class='ocr_line' id='line_1_2' title="bbox 89 167 744 232; baseline -0.009 -10"><span class='ocrx_word' id='word_1_6' title='bbox 89 173 155 226; x_wconf 73' lang='lat' dir='ltr'>Bella</span> <span class='ocrx_word' id='word_1_7' title='bbox 165 189 263 224; x_wconf 82' lang='lat' dir='ltr'>moreris</span> <span class='ocrx_word' id='word_1_8' title='bbox 274 171 387 221; x_wconf 87' lang='lat' dir='ltr'>immittit</span> <span class='ocrx_word' id='word_1_9' title='bbox 394 185 482 232; x_wconf 85' lang='lat' dir='ltr'>equos:</span> <span class='ocrx_word' id='word_1_10' title='bbox 502 167 537 216; x_wconf 91' lang='lat' dir='ltr'>illi</span> <span class='ocrx_word' id='word_1_11' title='bbox 549 184 649 230; x_wconf 87' lang='lat' dir='ltr'>aequore</span> <span class='ocrx_word' id='word_1_12' title='bbox 661 177 744 230; x_wconf 84' lang='lat' dir='ltr'>aperto</span> 
     </span>
    </p>

    <p class='ocr_par' dir='ltr' id='par_1_3' title="bbox 89 233 826 436">
     <span class='ocr_line' id='line_1_3' title="bbox 89 233 826 302; baseline -0.012 -12"><span class='ocrx_word' id='word_1_13' title='bbox 89 243 160 290; x_wconf 88' lang='lat' dir='ltr'>Ante</span> <span class='ocrx_word' id='word_1_14' title='bbox 170 245 249 291; x_wconf 88' lang='lat' dir='ltr'>Notos</span> <span class='ocrx_word' id='word_1_15' title='bbox 259 239 441 302; x_wconf 81' lang='lat' dir='ltr'>Zephyiumque</span> <span class='ocrx_word' id='word_1_16' title='bbox 450 233 542 285; x_wconf 83' lang='lat' dir='ltr'>volant.</span> <span class='ocrx_word' id='word_1_17' title='bbox 564 236 648 285; x_wconf 85' lang='lat' dir='ltr'>Gemit</span> <span class='ocrx_word' id='word_1_18' title='bbox 658 233 743 284; x_wconf 82' lang='lat' dir='ltr'>ultima</span> <span class='ocrx_word' id='word_1_19' title='bbox 755 233 826 300; x_wconf 84' lang='lat' dir='ltr'>pulsu</span> 
     </span>
     <span class='ocr_line' id='line_1_4' title="bbox 89 303 745 370; baseline -0.009 -14"><span class='ocrx_word' id='word_1_20' title='bbox 89 309 187 356; x_wconf 84' lang='lat' dir='ltr'>Thraca</span> <span class='ocrx_word' id='word_1_21' title='bbox 197 309 299 370; x_wconf 82' lang='lat' dir='ltr'>pedum:</span> <span class='ocrx_word' id='word_1_22' title='bbox 317 305 453 366; x_wconf 81' lang='lat' dir='ltr'>circumque</span> <span class='ocrx_word' id='word_1_23' title='bbox 463 313 529 354; x_wconf 80' lang='lat' dir='ltr'>atrae</span> <span class='ocrx_word' id='word_1_24' title='bbox 534 303 682 352; x_wconf 78' lang='lat' dir='ltr'>Formidinis</span> <span class='ocrx_word' id='word_1_25' title='bbox 693 319 745 362; x_wconf 85' lang='lat' dir='ltr'>ora,</span> 
     </span>
     <span class='ocr_line' id='line_1_5' title="bbox 91 369 697 436; baseline -0.007 -14"><span class='ocrx_word' id='word_1_26' title='bbox 91 377 198 436; x_wconf 83' lang='lat' dir='ltr'>iraeque,</span> <span class='ocrx_word' id='word_1_27' title='bbox 212 369 365 436; x_wconf 83' lang='lat' dir='ltr'>Insidiaeque,</span> <span class='ocrx_word' id='word_1_28' title='bbox 378 371 425 420; x_wconf 89' lang='lat' dir='ltr'>Dei</span> <span class='ocrx_word' id='word_1_29' title='bbox 436 371 572 428; x_wconf 75' lang='lat' dir='ltr'><strong>comitatus,</strong></span> <span class='ocrx_word' id='word_1_30' title='bbox 587 379 697 430; x_wconf 85' lang='lat' dir='ltr'>aguntur.</span> 
     </span>
    </p>

    <p class='ocr_par' dir='ltr' id='par_1_4' title="bbox 90 437 727 570">
     <span class='ocr_line' id='line_1_6' title="bbox 90 437 727 504; baseline -0.006 -14"><span class='ocrx_word' id='word_1_31' title='bbox 90 439 160 490; x_wconf 84' lang='lat' dir='ltr'>Talis</span> <span class='ocrx_word' id='word_1_32' title='bbox 171 457 243 504; x_wconf 85' lang='lat' dir='ltr'>equos</span> <span class='ocrx_word' id='word_1_33' title='bbox 254 439 330 490; x_wconf 80' lang='lat' dir='ltr'><strong>alacer</strong></span> <span class='ocrx_word' id='word_1_34' title='bbox 340 439 492 487; x_wconf 85' lang='lat' dir='ltr'>mediaintei</span> <span class='ocrx_word' id='word_1_35' title='bbox 502 437 591 500; x_wconf 79' lang='lat' dir='ltr'>proelia</span> <span class='ocrx_word' id='word_1_36' title='bbox 600 439 697 486; x_wconf 87' lang='lat' dir='ltr'>Turnus</span> <span class='ocrx_word' id='word_1_37' title='bbox 705 446 727 491; x_wconf 82' lang='lat'>‚¹</span> 
     </span>
     <span class='ocr_line' id='line_1_7' title="bbox 90 503 634 570; baseline -0.007 -14"><span class='ocrx_word' id='word_1_38' title='bbox 90 511 221 558; x_wconf 77' lang='lat' dir='ltr'><strong>Fumantes</strong></span> <span class='ocrx_word' id='word_1_39' title='bbox 231 509 312 557; x_wconf 89' lang='lat' dir='ltr'>sudore</span> <span class='ocrx_word' id='word_1_40' title='bbox 323 507 412 570; x_wconf 88' lang='lat' dir='ltr'>quatit,</span> <span class='ocrx_word' id='word_1_41' title='bbox 425 503 554 553; x_wconf 77' lang='lat' dir='ltr'>miserabile</span> <span class='ocrx_word' id='word_1_42' title='bbox 565 503 634 553; x_wconf 87' lang='lat' dir='ltr'>caesis</span> 
     </span>
    </p>

    <p class='ocr_par' dir='ltr' id='par_1_5' title="bbox 90 569 835 704">
     <span class='ocr_line' id='line_1_8' title="bbox 90 569 736 635; baseline -0.002 -11"><span class='ocrx_word' id='word_1_43' title='bbox 90 574 205 624; x_wconf 84' lang='lat' dir='ltr'>Hostibus</span> <span class='ocrx_word' id='word_1_44' title='bbox 216 573 343 624; x_wconf 80' lang='lat' dir='ltr'>insultans:</span> <span class='ocrx_word' id='word_1_45' title='bbox 363 573 451 635; x_wconf 75' lang='lat' dir='ltr'>spargit</span> <span class='ocrx_word' id='word_1_46' title='bbox 462 571 544 632; x_wconf 75' lang='lat' dir='ltr'>rapida</span> <span class='ocrx_word' id='word_1_47' title='bbox 555 569 715 633; x_wconf 77' lang='lat' dir='ltr'>ungulatores</span> <span class='ocrx_word' id='word_1_48' title='bbox 734 593 736 598; x_wconf 74' lang='grc'>’</span> 
     </span>
     <span class='ocr_line' id='line_1_9' title="bbox 92 637 835 704; baseline -0.005 -14"><span class='ocrx_word' id='word_1_49' title='bbox 92 642 247 703; x_wconf 70' lang='lat' dir='ltr'>Sanguinem,</span> <span class='ocrx_word' id='word_1_50' title='bbox 259 641 373 704; x_wconf 78' lang='lat' dir='ltr'>mistaque</span> <span class='ocrx_word' id='word_1_51' title='bbox 385 655 453 689; x_wconf 88' lang='lat' dir='ltr'>cruor</span> <span class='ocrx_word' id='word_1_52' title='bbox 463 637 567 688; x_wconf 85' lang='lat' dir='ltr'>calcatur</span> <span class='ocrx_word' id='word_1_53' title='bbox 577 656 656 688; x_wconf 85' lang='lat' dir='ltr'>arena.</span> <span class='ocrx_word' id='word_1_54' title='bbox 717 637 835 704; x_wconf 73' lang='lat' dir='ltr'>[lumquq</span> 
     </span>
    </p>
   </div>
   <div class='ocr_carea' id='block_1_3' title="bbox 91 705 900 772">
    <p class='ocr_par' dir='ltr' id='par_1_6' title="bbox 91 705 900 772">
     <span class='ocr_line' id='line_1_10' title="bbox 91 705 900 772; baseline -0.007 -14"><span class='ocrx_word' id='word_1_55' title='bbox 91 709 194 772; x_wconf 77' lang='lat' dir='ltr'>Jamque</span> <span class='ocrx_word' id='word_1_56' title='bbox 212 708 264 758; x_wconf 87' lang='lat' dir='ltr'>neci</span> <span class='ocrx_word' id='word_1_57' title='bbox 276 706 461 770; x_wconf 81' lang='lat' dir='ltr'>Sthenelumque</span> <span class='ocrx_word' id='word_1_58' title='bbox 473 707 547 764; x_wconf 88' lang='lat' dir='ltr'>dedit,</span> <span class='ocrx_word' id='word_1_59' title='bbox 557 705 757 768; x_wconf 82' lang='lat' dir='ltr'>Thaniyrimque,</span> <span class='ocrx_word' id='word_1_60' title='bbox 772 707 837 754; x_wconf 88' lang='lat' dir='ltr'>Plio·</span> <span class='ocrx_word' id='word_1_61' title='bbox 899 767 900 770; x_wconf 8' lang='grc' dir='ltr'><strong>Ἴ</strong></span> 
     </span>
    </p>
   </div>
   <div class='ocr_carea' id='block_1_4' title="bbox 3 771 828 836">
    <p class='ocr_par' dir='ltr' id='par_1_7' title="bbox 3 771 828 836">
     <span class='ocr_line' id='line_1_11' title="bbox 3 771 828 836; baseline -0.01 -9"><span class='ocrx_word' id='word_1_62' title='bbox 3 787 4 792; x_wconf 78' lang='grc'>’</span> <span class='ocrx_word' id='word_1_63' title='bbox 91 777 165 826; x_wconf 85' lang='lat' dir='ltr'>Hune</span> <span class='ocrx_word' id='word_1_64' title='bbox 176 772 316 836; x_wconf 83' lang='lat' dir='ltr'>congressus,</span> <span class='ocrx_word' id='word_1_65' title='bbox 328 785 352 824; x_wconf 89' lang='lat' dir='ltr'>et</span> <span class='ocrx_word' id='word_1_66' title='bbox 364 775 437 832; x_wconf 90' lang='lat' dir='ltr'>hunc,</span> <span class='ocrx_word' id='word_1_67' title='bbox 450 771 517 822; x_wconf 92' lang='lat' dir='ltr'>illum</span> <span class='ocrx_word' id='word_1_68' title='bbox 530 773 634 832; x_wconf 81' lang='lat' dir='ltr'>eminu53</span> <span class='ocrx_word' id='word_1_69' title='bbox 653 775 746 828; x_wconf 81' lang='lat' dir='ltr'>eminus</span> <span class='ocrx_word' id='word_1_70' title='bbox 756 775 828 820; x_wconf 88' lang='lat' dir='ltr'>ambo</span> 
     </span>
    </p>
   </div>
   <div class='ocr_carea' id='block_1_5' title="bbox 90 839 820 1172">
    <p class='ocr_par' dir='ltr' id='par_1_8' title="bbox 91 839 820 974">
     <span class='ocr_line' id='line_1_12' title="bbox 92 839 820 902; baseline -0.003 -12"><span class='ocrx_word' id='word_1_71' title='bbox 92 839 242 900; x_wconf 80' lang='lat' dir='ltr'>Imbrasidas,</span> <span class='ocrx_word' id='word_1_72' title='bbox 255 839 374 892; x_wconf 86' lang='lat' dir='ltr'>Glaucum</span> <span class='ocrx_word' id='word_1_73' title='bbox 386 851 458 902; x_wconf 83' lang='lat' dir='ltr'>atque</span> <span class='ocrx_word' id='word_1_74' title='bbox 467 841 560 896; x_wconf 87' lang='lat' dir='ltr'>Laden,</span> <span class='ocrx_word' id='word_1_75' title='bbox 574 855 633 902; x_wconf 80' lang='lat' dir='ltr'>quos</span> <span class='ocrx_word' id='word_1_76' title='bbox 647 841 760 890; x_wconf 72' lang='lat' dir='ltr'>Imbrasus</span> <span class='ocrx_word' id='word_1_77' title='bbox 772 840 820 902; x_wconf 89' lang='lat' dir='ltr'>ipse</span> 
     </span>
     <span class='ocr_line' id='line_1_13' title="bbox 91 909 695 974; baseline 0 -18"><span class='ocrx_word' id='word_1_78' title='bbox 91 909 216 958; x_wconf 83' lang='lat' dir='ltr'>Nutrierat</span> <span class='ocrx_word' id='word_1_79' title='bbox 227 910 312 974; x_wconf 80' lang='lat' dir='ltr'>Lyeia,</span> <span class='ocrx_word' id='word_1_80' title='bbox 324 909 464 971; x_wconf 82' lang='lat' dir='ltr'>paribusque</span> <span class='ocrx_word' id='word_1_81' title='bbox 476 917 599 956; x_wconf 83' lang='lat' dir='ltr'>ornaverat</span> <span class='ocrx_word' id='word_1_82' title='bbox 611 909 695 966; x_wconf 80' lang='lat' dir='ltr'>aimis;</span> 
     </span>
    </p>

    <p class='ocr_par' dir='ltr' id='par_1_9' title="bbox 90 974 752 1104">
     <span class='ocr_line' id='line_1_14' title="bbox 90 974 752 1036; baseline 0 -12"><span class='ocrx_word' id='word_1_83' title='bbox 90 975 135 1024; x_wconf 83' lang='lat' dir='ltr'>vei</span> <span class='ocrx_word' id='word_1_84' title='bbox 145 979 251 1025; x_wconf 84' lang='lat' dir='ltr'>conferre</span> <span class='ocrx_word' id='word_1_85' title='bbox 263 993 372 1036; x_wconf 84' lang='lat' dir='ltr'>inanum,</span> <span class='ocrx_word' id='word_1_86' title='bbox 384 974 422 1024; x_wconf 84' lang='lat' dir='ltr'>vel</span> <span class='ocrx_word' id='word_1_87' title='bbox 432 991 494 1036; x_wconf 88' lang='lat' dir='ltr'>equo</span> <span class='ocrx_word' id='word_1_88' title='bbox 505 983 650 1036; x_wconf 83' lang='lat' dir='ltr'>praevertere</span> <span class='ocrx_word' id='word_1_89' title='bbox 660 985 752 1024; x_wconf 72' lang='lat' dir='ltr'>uentos.</span> 
     </span>
     <span class='ocr_line' id='line_1_15' title="bbox 92 1039 672 1104; baseline 0.002 -13"><span class='ocrx_word' id='word_1_90' title='bbox 92 1045 164 1091; x_wconf 85' lang='lat' dir='ltr'>Parte</span> <span class='ocrx_word' id='word_1_91' title='bbox 175 1042 221 1092; x_wconf 86' lang='lat' dir='ltr'>alia</span> <span class='ocrx_word' id='word_1_92' title='bbox 233 1043 311 1092; x_wconf 87' lang='lat' dir='ltr'>media</span> <span class='ocrx_word' id='word_1_93' title='bbox 323 1045 439 1092; x_wconf 84' lang='lat' dir='ltr'>Eumedes</span> <span class='ocrx_word' id='word_1_94' title='bbox 449 1043 476 1090; x_wconf 89' lang='lat' dir='ltr'>in</span> <span class='ocrx_word' id='word_1_95' title='bbox 488 1039 576 1104; x_wconf 79' lang='lat' dir='ltr'>proelia</span> <span class='ocrx_word' id='word_1_96' title='bbox 588 1044 672 1102; x_wconf 76' lang='lat' dir='ltr'>fertur,</span> 
     </span>
    </p>

    <p class='ocr_par' dir='ltr' id='par_1_10' title="bbox 90 1106 617 1172">
     <span class='ocr_line' id='line_1_16' title="bbox 90 1106 617 1172; baseline 0.004 -16"><span class='ocrx_word' id='word_1_97' title='bbox 90 1107 198 1170; x_wconf 82' lang='lat' dir='ltr'>Antiqui</span> <span class='ocrx_word' id='word_1_98' title='bbox 209 1109 286 1172; x_wconf 88' lang='lat' dir='ltr'>proles</span> <span class='ocrx_word' id='word_1_99' title='bbox 297 1107 361 1160; x_wconf 87' lang='lat' dir='ltr'>bello</span> <span class='ocrx_word' id='word_1_100' title='bbox 372 1106 490 1172; x_wconf 85' lang='lat' dir='ltr'>praeclara</span> <span class='ocrx_word' id='word_1_101' title='bbox 501 1107 617 1166; x_wconf 84' lang='lat' dir='ltr'>Dolonis;</span> 
     </span>
    </p>
   </div>
   <div class='ocr_carea' id='block_1_6' title="bbox 91 1176 877 1240">
    <p class='ocr_par' dir='ltr' id='par_1_11' title="bbox 91 1176 877 1240">
     <span class='ocr_line' id='line_1_17' title="bbox 91 1176 877 1240; baseline 0.001 -16"><span class='ocrx_word' id='word_1_102' title='bbox 91 1176 198 1226; x_wconf 85' lang='lat' dir='ltr'>Nomine</span> <span class='ocrx_word' id='word_1_103' title='bbox 208 1193 278 1226; x_wconf 84' lang='lat' dir='ltr'>arum</span> <span class='ocrx_word' id='word_1_104' title='bbox 287 1181 399 1237; x_wconf 78' lang='lat' dir='ltr'>reserens,</span> <span class='ocrx_word' id='word_1_105' title='bbox 411 1177 492 1226; x_wconf 85' lang='lat' dir='ltr'>animo</span> <span class='ocrx_word' id='word_1_106' title='bbox 504 1176 657 1240; x_wconf 86' lang='lat' dir='ltr'>manibusque</span> <span class='ocrx_word' id='word_1_107' title='bbox 668 1187 806 1240; x_wconf 82' lang='lat' dir='ltr'>parentem:</span> <span class='ocrx_word' id='word_1_108' title='bbox 874 1185 877 1190; x_wconf 88' lang='lat'>&#39;</span> 
     </span>
    </p>
   </div>
   <div class='ocr_carea' id='block_1_7' title="bbox 8 1241 821 1838">
    <p class='ocr_par' dir='ltr' id='par_1_12' title="bbox 89 1241 821 1375">
     <span class='ocr_line' id='line_1_18' title="bbox 93 1241 821 1308; baseline 0.005 -18"><span class='ocrx_word' id='word_1_109' title='bbox 93 1241 144 1308; x_wconf 79' lang='lat' dir='ltr'>Qi</span> <span class='ocrx_word' id='word_1_110' title='bbox 155 1247 285 1306; x_wconf 80' lang='lat' dir='ltr'>quondam,</span> <span class='ocrx_word' id='word_1_111' title='bbox 298 1244 371 1294; x_wconf 79' lang='lat' dir='ltr'>castra</span> <span class='ocrx_word' id='word_1_112' title='bbox 383 1255 410 1294; x_wconf 87' lang='lat' dir='ltr'>ut</span> <span class='ocrx_word' id='word_1_113' title='bbox 421 1241 536 1294; x_wconf 84' lang='lat' dir='ltr'>Danaiiin</span> <span class='ocrx_word' id='word_1_114' title='bbox 548 1241 678 1308; x_wconf 85' lang='lat' dir='ltr'>speculator</span> <span class='ocrx_word' id='word_1_115' title='bbox 688 1245 773 1305; x_wconf 86' lang='lat' dir='ltr'>adiret,</span> <span class='ocrx_word' id='word_1_116' title='bbox 817 1295 821 1306; x_wconf 65' lang='grc'><em>,</em></span> 
     </span>
     <span class='ocr_line' id='line_1_19' title="bbox 89 1309 656 1375; baseline 0.007 -17"><span class='ocrx_word' id='word_1_117' title='bbox 89 1309 170 1360; x_wconf 80' lang='lat' dir='ltr'>Ausus</span> <span class='ocrx_word' id='word_1_118' title='bbox 183 1310 277 1362; x_wconf 78' lang='lat' dir='ltr'>Pelidae</span> <span class='ocrx_word' id='word_1_119' title='bbox 288 1313 392 1375; x_wconf 89' lang='lat' dir='ltr'>pretium</span> <span class='ocrx_word' id='word_1_120' title='bbox 404 1312 446 1360; x_wconf 89' lang='lat' dir='ltr'>sibi</span> <span class='ocrx_word' id='word_1_121' title='bbox 458 1313 550 1374; x_wconf 88' lang='lat' dir='ltr'>poscere</span> <span class='ocrx_word' id='word_1_122' title='bbox 561 1328 656 1362; x_wconf 80' lang='lat' dir='ltr'>currus:</span> 
     </span>
    </p>

    <p class='ocr_par' dir='ltr' id='par_1_13' title="bbox 92 1373 560 1438">
     <span class='ocr_line' id='line_1_20' title="bbox 92 1373 560 1438; baseline 0.006 -14"><span class='ocrx_word' id='word_1_123' title='bbox 92 1373 163 1424; x_wconf 85' lang='lat' dir='ltr'>illum</span> <span class='ocrx_word' id='word_1_124' title='bbox 172 1381 280 1438; x_wconf 81' lang='lat' dir='ltr'>Tydides</span> <span class='ocrx_word' id='word_1_125' title='bbox 290 1379 337 1426; x_wconf 84' lang='lat' dir='ltr'>alio</span> <span class='ocrx_word' id='word_1_126' title='bbox 348 1391 392 1438; x_wconf 74' lang='lat' dir='ltr'>pio</span> <span class='ocrx_word' id='word_1_127' title='bbox 403 1378 490 1428; x_wconf 64' lang='lat' dir='ltr'>teritus</span> <span class='ocrx_word' id='word_1_128' title='bbox 501 1377 560 1427; x_wconf 81' lang='lat' dir='ltr'>ausis</span> 
     </span>
    </p>

    <p class='ocr_par' dir='ltr' id='par_1_14' title="bbox 8 1441 645 1504">
     <span class='ocr_line' id='line_1_21' title="bbox 8 1441 645 1504; baseline 0.005 -14"><span class='ocrx_word' id='word_1_129' title='bbox 8 1447 14 1462; x_wconf 76' lang='grc'><em>“</em></span> <span class='ocrx_word' id='word_1_130' title='bbox 90 1441 182 1492; x_wconf 79' lang='lat' dir='ltr'>Affecit</span> <span class='ocrx_word' id='word_1_131' title='bbox 193 1443 284 1504; x_wconf 84' lang='lat' dir='ltr'>pretio:</span> <span class='ocrx_word' id='word_1_132' title='bbox 304 1459 348 1490; x_wconf 91' lang='lat' dir='ltr'>nec</span> <span class='ocrx_word' id='word_1_133' title='bbox 358 1444 425 1503; x_wconf 80' lang='lat' dir='ltr'>equis</span> <span class='ocrx_word' id='word_1_134' title='bbox 435 1442 521 1502; x_wconf 83' lang='lat' dir='ltr'>aspirat</span> <span class='ocrx_word' id='word_1_135' title='bbox 532 1441 645 1493; x_wconf 75' lang='lat' dir='ltr'>Achutts.</span> 
     </span>
    </p>

    <p class='ocr_par' dir='ltr' id='par_1_15' title="bbox 89 1505 735 1573">
     <span class='ocr_line' id='line_1_22' title="bbox 89 1505 735 1573; baseline 0.003 -15"><span class='ocrx_word' id='word_1_136' title='bbox 89 1511 163 1558; x_wconf 82' lang='lat' dir='ltr'>Hunc</span> <span class='ocrx_word' id='word_1_137' title='bbox 174 1505 258 1569; x_wconf 88' lang='lat' dir='ltr'>procul</span> <span class='ocrx_word' id='word_1_138' title='bbox 268 1517 295 1556; x_wconf 85' lang='lat' dir='ltr'>ut</span> <span class='ocrx_word' id='word_1_139' title='bbox 307 1523 392 1568; x_wconf 83' lang='lat' dir='ltr'>campo</span> <span class='ocrx_word' id='word_1_140' title='bbox 403 1510 500 1556; x_wconf 87' lang='lat' dir='ltr'>Turnus</span> <span class='ocrx_word' id='word_1_141' title='bbox 511 1509 632 1570; x_wconf 72' lang='lat' dir='ltr'>prospexit</span> <span class='ocrx_word' id='word_1_142' title='bbox 643 1521 735 1573; x_wconf 88' lang='lat' dir='ltr'>aperto,</span> 
     </span>
    </p>

    <p class='ocr_par' dir='ltr' id='par_1_16' title="bbox 89 1571 763 1704">
     <span class='ocr_line' id='line_1_23' title="bbox 89 1571 763 1638; baseline -0.003 -12"><span class='ocrx_word' id='word_1_143' title='bbox 89 1579 160 1626; x_wconf 82' lang='lat' dir='ltr'>Ante</span> <span class='ocrx_word' id='word_1_144' title='bbox 171 1573 217 1624; x_wconf 83' lang='lat' dir='ltr'>leri</span> <span class='ocrx_word' id='word_1_145' title='bbox 226 1571 306 1638; x_wconf 84' lang='lat' dir='ltr'>jaculo</span> <span class='ocrx_word' id='word_1_146' title='bbox 317 1573 415 1636; x_wconf 80' lang='lat' dir='ltr'>longum</span> <span class='ocrx_word' id='word_1_147' title='bbox 427 1590 469 1636; x_wconf 86' lang='lat' dir='ltr'>per</span> <span class='ocrx_word' id='word_1_148' title='bbox 480 1574 550 1623; x_wconf 84' lang='lat' dir='ltr'>inane</span> <span class='ocrx_word' id='word_1_149' title='bbox 561 1575 664 1637; x_wconf 59' lang='lat' dir='ltr'>secutum</span> <span class='ocrx_word' id='word_1_150' title='bbox 760 1629 763 1636; x_wconf 51' lang='lat'>,</span> 
     </span>
     <span class='ocr_line' id='line_1_24' title="bbox 90 1640 650 1704; baseline -0.004 -12"><span class='ocrx_word' id='word_1_151' title='bbox 90 1643 157 1692; x_wconf 82' lang='lat' dir='ltr'>sistit</span> <span class='ocrx_word' id='word_1_152' title='bbox 167 1658 242 1704; x_wconf 85' lang='lat' dir='ltr'>equos</span> <span class='ocrx_word' id='word_1_153' title='bbox 252 1643 351 1704; x_wconf 81' lang='lat' dir='ltr'>bijuges,</span> <span class='ocrx_word' id='word_1_154' title='bbox 363 1649 388 1689; x_wconf 89' lang='lat' dir='ltr'>et</span> <span class='ocrx_word' id='word_1_155' title='bbox 399 1657 467 1690; x_wconf 82' lang='lat' dir='ltr'>curru</span> <span class='ocrx_word' id='word_1_156' title='bbox 479 1640 563 1700; x_wconf 75' lang='lat' dir='ltr'>desilit,</span> <span class='ocrx_word' id='word_1_157' title='bbox 576 1651 650 1704; x_wconf 85' lang='lat' dir='ltr'>atque</span> 
     </span>
    </p>

    <p class='ocr_par' dir='ltr' id='par_1_17' title="bbox 89 1707 718 1838">
     <span class='ocr_line' id='line_1_25' title="bbox 90 1707 709 1772; baseline 0.005 -13"><span class='ocrx_word' id='word_1_158' title='bbox 90 1709 231 1760; x_wconf 70' lang='lat' dir='ltr'>semianimi</span> <span class='ocrx_word' id='word_1_159' title='bbox 242 1707 354 1771; x_wconf 84' lang='lat' dir='ltr'>lapsoque</span> <span class='ocrx_word' id='word_1_160' title='bbox 364 1707 508 1770; x_wconf 77' lang='lat' dir='ltr'>supervenit3</span> <span class='ocrx_word' id='word_1_161' title='bbox 530 1719 564 1768; x_wconf 88' lang='lat' dir='ltr'>et,</span> <span class='ocrx_word' id='word_1_162' title='bbox 576 1710 636 1772; x_wconf 84' lang='lat' dir='ltr'>pede</span> <span class='ocrx_word' id='word_1_163' title='bbox 646 1707 709 1762; x_wconf 83' lang='lat' dir='ltr'>eollo</span> 
     </span>
     <span class='ocr_line' id='line_1_26' title="bbox 89 1772 718 1838; baseline 0.008 -15"><span class='ocrx_word' id='word_1_164' title='bbox 89 1772 212 1836; x_wconf 68' lang='lat' dir='ltr'>murelli,</span> <span class='ocrx_word' id='word_1_165' title='bbox 225 1778 323 1831; x_wconf 79' lang='lat' dir='ltr'>dextrae</span> <span class='ocrx_word' id='word_1_166' title='bbox 334 1791 472 1824; x_wconf 86' lang='lat' dir='ltr'>mucronem</span> <span class='ocrx_word' id='word_1_167' title='bbox 483 1785 620 1838; x_wconf 84' lang='lat' dir='ltr'>extorquet,</span> <span class='ocrx_word' id='word_1_168' title='bbox 630 1785 656 1826; x_wconf 88' lang='lat' dir='ltr'>et</span> <span class='ocrx_word' id='word_1_169' title='bbox 666 1775 718 1828; x_wconf 91' lang='lat' dir='ltr'>alto</span> 
     </span>
    </p>
   </div>
   <div class='ocr_carea' id='block_1_8' title="bbox 38 1831 848 1916">
    <p class='ocr_par' dir='ltr' id='par_1_18' title="bbox 38 1831 848 1916">
     <span class='ocr_line' id='line_1_27' title="bbox 38 1831 848 1916; baseline 0.004 -25"><span class='ocrx_word' id='word_1_170' title='bbox 38 1899 51 1916; x_wconf 31' lang='grc' dir='ltr'><strong>η</strong></span> <span class='ocrx_word' id='word_1_171' title='bbox 90 1840 231 1904; x_wconf 73' lang='lat' dir='ltr'>Fulgentem</span> <span class='ocrx_word' id='word_1_172' title='bbox 243 1841 423 1906; x_wconf 76' lang='lat' dir='ltr'>tingitjugul03</span> <span class='ocrx_word' id='word_1_173' title='bbox 442 1850 515 1905; x_wconf 85' lang='lat' dir='ltr'>atque</span> <span class='ocrx_word' id='word_1_174' title='bbox 526 1842 583 1892; x_wconf 76' lang='lat' dir='ltr'>haee</span> <span class='ocrx_word' id='word_1_175' title='bbox 595 1843 688 1905; x_wconf 81' lang='lat' dir='ltr'>insuper</span> <span class='ocrx_word' id='word_1_176' title='bbox 698 1840 780 1898; x_wconf 78' lang='lat' dir='ltr'>additi</span> <span class='ocrx_word' id='word_1_177' title='bbox 846 1831 848 1836; x_wconf 68' lang='lat'>,</span> 
     </span>
    </p>
   </div>
   <div class='ocr_carea' id='block_1_9' title="bbox 88 1907 733 2171">
    <p class='ocr_par' dir='ltr' id='par_1_19' title="bbox 88 1907 733 2171">
     <span class='ocr_line' id='line_1_28' title="bbox 90 1907 733 1972; baseline 0.008 -16"><span class='ocrx_word' id='word_1_178' title='bbox 90 1910 217 1971; x_wconf 77' lang='lat' dir='ltr'>Euagrus,</span> <span class='ocrx_word' id='word_1_179' title='bbox 229 1919 264 1968; x_wconf 89' lang='lat' dir='ltr'>et,</span> <span class='ocrx_word' id='word_1_180' title='bbox 276 1927 349 1972; x_wconf 83' lang='lat' dir='ltr'>quam</span> <span class='ocrx_word' id='word_1_181' title='bbox 361 1907 432 1970; x_wconf 87' lang='lat' dir='ltr'>bello,</span> <span class='ocrx_word' id='word_1_182' title='bbox 439 1907 555 1972; x_wconf 73' lang='lat' dir='ltr'>Troiane,</span> <span class='ocrx_word' id='word_1_183' title='bbox 568 1907 658 1972; x_wconf 76' lang='lat' dir='ltr'>petilii,</span> <span class='ocrx_word' id='word_1_184' title='bbox 731 1955 733 1961; x_wconf 73' lang='grc'><strong>,</strong></span> 
     </span>
     <span class='ocr_line' id='line_1_29' title="bbox 89 1974 731 2042; baseline 0.009 -18"><span class='ocrx_word' id='word_1_185' title='bbox 89 1974 322 2035; x_wconf 81' lang='lat' dir='ltr'>Hesperiam&#39;metiie</span> <span class='ocrx_word' id='word_1_186' title='bbox 330 1977 424 2040; x_wconf 83' lang='lat' dir='ltr'>jacens:</span> <span class='ocrx_word' id='word_1_187' title='bbox 442 1976 501 2026; x_wconf 87' lang='lat' dir='ltr'>haec</span> <span class='ocrx_word' id='word_1_188' title='bbox 512 1977 625 2040; x_wconf 83' lang='lat' dir='ltr'>praemia,</span> <span class='ocrx_word' id='word_1_189' title='bbox 637 1977 680 2042; x_wconf 91' lang='lat' dir='ltr'>qui</span> <span class='ocrx_word' id='word_1_190' title='bbox 692 1994 731 2031; x_wconf 83' lang='lat' dir='ltr'>ine</span> 
     </span>
     <span class='ocr_line' id='line_1_30' title="bbox 89 2035 728 2101; baseline 0.009 -11"><span class='ocrx_word' id='word_1_191' title='bbox 89 2043 161 2090; x_wconf 79' lang='lat' dir='ltr'>Ferro</span> <span class='ocrx_word' id='word_1_192' title='bbox 171 2040 219 2090; x_wconf 83' lang='lat' dir='ltr'>ausi</span> <span class='ocrx_word' id='word_1_193' title='bbox 230 2049 333 2100; x_wconf 83' lang='lat' dir='ltr'>tentare,</span> <span class='ocrx_word' id='word_1_194' title='bbox 344 2045 437 2092; x_wconf 86' lang='lat' dir='ltr'>serunt:</span> <span class='ocrx_word' id='word_1_195' title='bbox 457 2035 490 2090; x_wconf 71' lang='lat' dir='ltr'>sid</span> <span class='ocrx_word' id='word_1_196' title='bbox 499 2044 594 2092; x_wconf 74' lang='lat' dir='ltr'>moenia</span> <span class='ocrx_word' id='word_1_197' title='bbox 604 2046 728 2101; x_wconf 62' lang='lat' dir='ltr'>condunt„</span> 
     </span>
     <span class='ocr_line' id='line_1_31' title="bbox 88 2107 730 2171; baseline 0.003 -13"><span class='ocrx_word' id='word_1_198' title='bbox 88 2107 153 2158; x_wconf 85' lang='lat' dir='ltr'>Huic</span> <span class='ocrx_word' id='word_1_199' title='bbox 162 2107 276 2160; x_wconf 76' lang='lat' dir='ltr'>comitem</span> <span class='ocrx_word' id='word_1_200' title='bbox 287 2107 407 2158; x_wconf 85' lang='lat' dir='ltr'>Asbutem</span> <span class='ocrx_word' id='word_1_201' title='bbox 417 2109 522 2171; x_wconf 75' lang='lat' dir='ltr'>conjetta</span> <span class='ocrx_word' id='word_1_202' title='bbox 532 2109 626 2170; x_wconf 87' lang='lat' dir='ltr'>cuspide</span> <span class='ocrx_word' id='word_1_203' title='bbox 639 2111 730 2164; x_wconf 72' lang='lat' dir='ltr'>mittite</span> 
     </span>
    </p>
   </div>
   <div class='ocr_carea' id='block_1_10' title="bbox 87 2173 866 2244">
    <p class='ocr_par' dir='ltr' id='par_1_20' title="bbox 87 2173 866 2244">
     <span class='ocr_line' id='line_1_32' title="bbox 87 2173 866 2244; baseline 0.008 -20"><span class='ocrx_word' id='word_1_204' title='bbox 87 2173 246 2237; x_wconf 72' lang='lat' dir='ltr'>Chloreaque,</span> <span class='ocrx_word' id='word_1_205' title='bbox 259 2175 424 2238; x_wconf 84' lang='lat' dir='ltr'>Sybarimque,</span> <span class='ocrx_word' id='word_1_206' title='bbox 435 2177 587 2240; x_wconf 83' lang='lat' dir='ltr'>Daretaque,</span> <span class='ocrx_word' id='word_1_207' title='bbox 595 2175 832 2244; x_wconf 61' lang='lat' dir='ltr'>Therfiiochumque</span> <span class='ocrx_word' id='word_1_208' title='bbox 856 2213 866 2219; x_wconf 87' lang='lat'>-</span> 
     </span>
    </p>
   </div>
   <div class='ocr_carea' id='block_1_11' title="bbox 30 2239 789 2832">
    <p class='ocr_par' dir='ltr' id='par_1_21' title="bbox 87 2239 683 2306">
     <span class='ocr_line' id='line_1_33' title="bbox 87 2239 683 2306; baseline 0.008 -16"><span class='ocrx_word' id='word_1_209' title='bbox 87 2243 123 2290; x_wconf 84' lang='lat' dir='ltr'>Et</span> <span class='ocrx_word' id='word_1_210' title='bbox 135 2239 244 2292; x_wconf 78' lang='lat' dir='ltr'>sternacis</span> <span class='ocrx_word' id='word_1_211' title='bbox 254 2242 309 2306; x_wconf 83' lang='lat' dir='ltr'>equi</span> <span class='ocrx_word' id='word_1_212' title='bbox 320 2240 412 2306; x_wconf 74' lang='lat' dir='ltr'>lapsum</span> <span class='ocrx_word' id='word_1_213' title='bbox 422 2245 510 2292; x_wconf 78' lang='lat' dir='ltr'>cervice</span> <span class='ocrx_word' id='word_1_214' title='bbox 521 2242 683 2304; x_wconf 78' lang='lat' dir='ltr'>Thymoeten.</span> 
     </span>
    </p>

    <p class='ocr_par' dir='ltr' id='par_1_22' title="bbox 88 2306 625 2371">
     <span class='ocr_line' id='line_1_34' title="bbox 88 2306 625 2371; baseline 0.002 -13"><span class='ocrx_word' id='word_1_215' title='bbox 88 2311 130 2358; x_wconf 83' lang='lat' dir='ltr'>Ae</span> <span class='ocrx_word' id='word_1_216' title='bbox 141 2306 207 2360; x_wconf 85' lang='lat' dir='ltr'>velut</span> <span class='ocrx_word' id='word_1_217' title='bbox 217 2309 297 2358; x_wconf 81' lang='lat' dir='ltr'>Edoni</span> <span class='ocrx_word' id='word_1_218' title='bbox 306 2311 393 2358; x_wconf 81' lang='lat' dir='ltr'>Boreae</span> <span class='ocrx_word' id='word_1_219' title='bbox 402 2309 458 2360; x_wconf 75' lang='lat' dir='ltr'>elini</span> <span class='ocrx_word' id='word_1_220' title='bbox 470 2310 564 2371; x_wconf 81' lang='lat' dir='ltr'>spiritus</span> <span class='ocrx_word' id='word_1_221' title='bbox 574 2308 625 2360; x_wconf 85' lang='lat' dir='ltr'>alto</span> 
     </span>
    </p>

    <p class='ocr_par' dir='ltr' id='par_1_23' title="bbox 75 2373 770 2508">
     <span class='ocr_line' id='line_1_35' title="bbox 88 2373 770 2439; baseline 0.006 -15"><span class='ocrx_word' id='word_1_222' title='bbox 88 2375 186 2425; x_wconf 84' lang='lat' dir='ltr'>insonat</span> <span class='ocrx_word' id='word_1_223' title='bbox 197 2379 303 2437; x_wconf 81' lang='lat' dir='ltr'>Aegaeo,</span> <span class='ocrx_word' id='word_1_224' title='bbox 316 2375 467 2438; x_wconf 88' lang='lat' dir='ltr'>sequiturque</span> <span class='ocrx_word' id='word_1_225' title='bbox 478 2378 509 2425; x_wconf 78' lang='lat' dir='ltr'>od</span> <span class='ocrx_word' id='word_1_226' title='bbox 518 2374 589 2426; x_wconf 85' lang='lat' dir='ltr'>litora</span> <span class='ocrx_word' id='word_1_227' title='bbox 602 2379 692 2439; x_wconf 72' lang='lat' dir='ltr'>fluitur,</span> <span class='ocrx_word' id='word_1_228' title='bbox 765 2373 770 2381; x_wconf 55' lang='lat'><em>⁴</em></span> 
     </span>
     <span class='ocr_line' id='line_1_36' title="bbox 75 2441 721 2508; baseline 0.008 -18"><span class='ocrx_word' id='word_1_229' title='bbox 75 2441 144 2508; x_wconf 17' lang='lat' dir='ltr'>*Qu</span> <span class='ocrx_word' id='word_1_230' title='bbox 153 2443 219 2493; x_wconf 83' lang='lat' dir='ltr'>veriti</span> <span class='ocrx_word' id='word_1_231' title='bbox 231 2442 368 2502; x_wconf 73' lang='lat' dir='ltr'>incubudre;</span> <span class='ocrx_word' id='word_1_232' title='bbox 388 2446 469 2504; x_wconf 78' lang='lat' dir='ltr'>iugem</span> <span class='ocrx_word' id='word_1_233' title='bbox 479 2443 539 2494; x_wconf 84' lang='lat' dir='ltr'>dant</span> <span class='ocrx_word' id='word_1_234' title='bbox 549 2443 631 2506; x_wconf 75' lang='lat' dir='ltr'>nubila</span> <span class='ocrx_word' id='word_1_235' title='bbox 640 2444 721 2496; x_wconf 79' lang='lat' dir='ltr'>coelo:</span> 
     </span>
    </p>

    <p class='ocr_par' dir='ltr' id='par_1_24' title="bbox 87 2509 755 2642">
     <span class='ocr_line' id='line_1_37' title="bbox 88 2509 755 2575; baseline 0.007 -17"><span class='ocrx_word' id='word_1_236' title='bbox 88 2509 127 2558; x_wconf 81' lang='lat' dir='ltr'>sic</span> <span class='ocrx_word' id='word_1_237' title='bbox 134 2509 229 2569; x_wconf 85' lang='lat' dir='ltr'>Turno,</span> <span class='ocrx_word' id='word_1_238' title='bbox 241 2526 382 2572; x_wconf 83' lang='lat' dir='ltr'>quacunque</span> <span class='ocrx_word' id='word_1_239' title='bbox 394 2509 457 2558; x_wconf 82' lang='lat' dir='ltr'>viam</span> <span class='ocrx_word' id='word_1_240' title='bbox 470 2511 539 2570; x_wconf 72' lang='lat' dir='ltr'>seen,</span> <span class='ocrx_word' id='word_1_241' title='bbox 552 2515 648 2574; x_wconf 77' lang='lat' dir='ltr'>agmina</span> <span class='ocrx_word' id='word_1_242' title='bbox 659 2515 755 2575; x_wconf 84' lang='lat' dir='ltr'>cedunt,</span> 
     </span>
     <span class='ocr_line' id='line_1_38' title="bbox 87 2575 713 2642; baseline 0.008 -19"><span class='ocrx_word' id='word_1_243' title='bbox 87 2575 266 2642; x_wconf 59' lang='lat' dir='ltr'>convenireque</span> <span class='ocrx_word' id='word_1_244' title='bbox 276 2586 349 2629; x_wconf 86' lang='lat' dir='ltr'>ruunt</span> <span class='ocrx_word' id='word_1_245' title='bbox 360 2577 434 2628; x_wconf 81' lang='lat' dir='ltr'>acies:</span> <span class='ocrx_word' id='word_1_246' title='bbox 454 2579 500 2628; x_wconf 84' lang='lat' dir='ltr'>sert</span> <span class='ocrx_word' id='word_1_247' title='bbox 512 2580 615 2641; x_wconf 83' lang='lat' dir='ltr'>impetus</span> <span class='ocrx_word' id='word_1_248' title='bbox 627 2579 713 2641; x_wconf 84' lang='lat' dir='ltr'>ipsum,</span> 
     </span>
    </p>

    <p class='ocr_par' dir='ltr' id='par_1_25' title="bbox 86 2641 711 2711">
     <span class='ocr_line' id='line_1_39' title="bbox 86 2641 711 2711; baseline 0.006 -21"><span class='ocrx_word' id='word_1_249' title='bbox 86 2644 120 2690; x_wconf 84' lang='lat' dir='ltr'>Et</span> <span class='ocrx_word' id='word_1_250' title='bbox 133 2641 225 2692; x_wconf 76' lang='lat' dir='ltr'>critiam</span> <span class='ocrx_word' id='word_1_251' title='bbox 237 2645 332 2711; x_wconf 67' lang='lat' dir='ltr'>aduerso</span> <span class='ocrx_word' id='word_1_252' title='bbox 343 2661 412 2694; x_wconf 86' lang='lat' dir='ltr'>curru</span> <span class='ocrx_word' id='word_1_253' title='bbox 424 2645 502 2708; x_wconf 89' lang='lat' dir='ltr'>quatit</span> <span class='ocrx_word' id='word_1_254' title='bbox 514 2661 570 2696; x_wconf 87' lang='lat' dir='ltr'>aura</span> <span class='ocrx_word' id='word_1_255' title='bbox 581 2645 711 2696; x_wconf 82' lang='lat' dir='ltr'>volantem.</span> 
     </span>
    </p>

    <p class='ocr_par' dir='ltr' id='par_1_26' title="bbox 85 2708 789 2779">
     <span class='ocr_line' id='line_1_40' title="bbox 85 2708 789 2779; baseline 0.001 -18"><span class='ocrx_word' id='word_1_256' title='bbox 85 2709 144 2761; x_wconf 83' lang='lat' dir='ltr'>Non</span> <span class='ocrx_word' id='word_1_257' title='bbox 155 2708 212 2762; x_wconf 81' lang='lat' dir='ltr'>tulit</span> <span class='ocrx_word' id='word_1_258' title='bbox 222 2709 350 2764; x_wconf 81' lang='lat' dir='ltr'>instantem</span> <span class='ocrx_word' id='word_1_259' title='bbox 360 2711 476 2779; x_wconf 72' lang='lat' dir='ltr'>Phegeus,</span> <span class='ocrx_word' id='word_1_260' title='bbox 488 2712 622 2776; x_wconf 87' lang='lat' dir='ltr'>animisque</span> <span class='ocrx_word' id='word_1_261' title='bbox 632 2715 773 2766; x_wconf 78' lang='lat' dir='ltr'>trementem</span> <span class='ocrx_word' id='word_1_262' title='bbox 783 2729 789 2762; x_wconf 85' lang='lat' dir='ltr'>i</span> 
     </span>
    </p>

    <p class='ocr_par' dir='ltr' id='par_1_27' title="bbox 30 2781 486 2832">
     <span class='ocr_line' id='line_1_41' title="bbox 30 2781 486 2832; baseline -0.002 -1"><span class='ocrx_word' id='word_1_263' title='bbox 30 2791 35 2796; x_wconf 89' lang='lat'>·</span> <span class='ocrx_word' id='word_1_264' title='bbox 63 2801 87 2822; x_wconf 87' lang='lat'>·-</span> <span class='ocrx_word' id='word_1_265' title='bbox 161 2821 171 2832; x_wconf 74' lang='grc'><em>,</em></span> <span class='ocrx_word' id='word_1_266' title='bbox 434 2781 486 2830; x_wconf 83' lang='lat' dir='ltr'>Ee</span> 
     </span>
    </p>
   </div>
   <div class='ocr_carea' id='block_1_12' title="bbox 896 1257 900 1292">
    <p class='ocr_par' dir='ltr' id='par_1_28' title="bbox 896 1257 900 1292">
     <span class='ocr_line' id='line_1_42' title="bbox 896 1257 900 1292; baseline 0 0"><span class='ocrx_word' id='word_1_267' title='bbox 896 1257 900 1292; x_wconf 84' lang='lat' dir='ltr'>l</span> 
     </span>
    </p>
   </div>
   <div class='ocr_carea' id='block_1_13' title="bbox 0 0 909 2912">
    <p class='ocr_par' dir='ltr' id='par_1_29' title="bbox 0 0 909 2912">
     <span class='ocr_line' id='line_1_43' title="bbox 0 0 909 2912; baseline 0 0"><span class='ocrx_word' id='word_1_268' title='bbox 0 0 909 2912; x_wconf 95' lang='lat' dir='ltr'> </span> 
     </span>
    </p>
   </div>
  </div>
 </body>
</html>
