<?xml version="1.0" encoding="UTF-8"?>
<!DOCTYPE html PUBLIC "-//W3C//DTD XHTML 1.0 Transitional//EN"
    "http://www.w3.org/TR/xhtml1/DTD/xhtml1-transitional.dtd">
<html xmlns="http://www.w3.org/1999/xhtml" xml:lang="en" lang="en">
 <head>
  <title>
</title>
<meta http-equiv="Content-Type" content="text/html;charset=utf-8" />
  <meta name='ocr-system' content='tesseract 3.04.00' />
  <meta name='ocr-capabilities' content='ocr_page ocr_carea ocr_par ocr_line ocrx_word'/>
</head>
<body>
  <div class='ocr_page' id='page_1' title='image "./bucolicageorgic03virggoog/bucolicageorgic03virggoog_0042.png"; bbox 0 0 1804 2904; ppageno 0'>
   <div class='ocr_carea' id='block_1_1' title="bbox 84 77 687 146">
    <p class='ocr_par' dir='ltr' id='par_1_1' title="bbox 84 77 687 146">
     <span class='ocr_line' id='line_1_1' title="bbox 84 77 687 146; baseline 0.015 -24"><span class='ocrx_word' id='word_1_1' title='bbox 84 87 116 132; x_wconf 75' lang='lat'>40</span> <span class='ocrx_word' id='word_1_2' title='bbox 233 77 408 127; x_wconf 75' lang='lat' dir='ltr'>cuono.</span> <span class='ocrx_word' id='word_1_3' title='bbox 441 79 528 128; x_wconf 74' lang='lat' dir='ltr'>ern.</span> <span class='ocrx_word' id='word_1_4' title='bbox 560 83 578 128; x_wconf 89' lang='lat'>1.</span> <span class='ocrx_word' id='word_1_5' title='bbox 630 83 687 146; x_wconf 71' lang='lat'><strong>49⁶·</strong></span> 
     </span>
    </p>
   </div>
   <div class='ocr_carea' id='block_1_2' title="bbox 59 175 824 1373">
    <p class='ocr_par' dir='ltr' id='par_1_2' title="bbox 84 175 655 308">
     <span class='ocr_line' id='line_1_2' title="bbox 84 175 653 241; baseline 0.018 -20"><span class='ocrx_word' id='word_1_6' title='bbox 84 178 138 222; x_wconf 90' lang='lat' dir='ltr'>Aut</span> <span class='ocrx_word' id='word_1_7' title='bbox 151 177 260 236; x_wconf 75' lang='lat' dir='ltr'>gravibus</span> <span class='ocrx_word' id='word_1_8' title='bbox 273 175 350 224; x_wconf 83' lang='lat' dir='ltr'>rastn&#39;s</span> <span class='ocrx_word' id='word_1_9' title='bbox 361 177 437 238; x_wconf 79' lang='lat' dir='ltr'>galeas</span> <span class='ocrx_word' id='word_1_10' title='bbox 449 178 550 238; x_wconf 75' lang='lat' dir='ltr'>pulsabit</span> <span class='ocrx_word' id='word_1_11' title='bbox 563 183 653 241; x_wconf 86' lang='lat' dir='ltr'>inanes,</span> 
     </span>
     <span class='ocr_line' id='line_1_3' title="bbox 85 243 655 308; baseline 0.014 -20"><span class='ocrx_word' id='word_1_12' title='bbox 85 244 239 304; x_wconf 72' lang='lat' dir='ltr'>Grandiaque</span> <span class='ocrx_word' id='word_1_13' title='bbox 251 243 333 291; x_wconf 72' lang='lat' dir='ltr'>effossis</span> <span class='ocrx_word' id='word_1_14' title='bbox 344 245 468 292; x_wconf 84' lang='lat' dir='ltr'>mirabitur</span> <span class='ocrx_word' id='word_1_15' title='bbox 479 245 526 294; x_wconf 77' lang='lat' dir='ltr'>olla</span> <span class='ocrx_word' id='word_1_16' title='bbox 538 247 655 308; x_wconf 71' lang='lat' dir='ltr'>se&#39;pulcria</span> 
     </span>
    </p>

    <p class='ocr_par' dir='ltr' id='par_1_3' title="bbox 59 308 824 1373">
     <span class='ocr_line' id='line_1_4' title="bbox 114 308 762 378; baseline 0.015 -22"><span class='ocrx_word' id='word_1_17' title='bbox 114 308 149 356; x_wconf 87' lang='lat' dir='ltr'>Di</span> <span class='ocrx_word' id='word_1_18' title='bbox 162 313 232 370; x_wconf 73' lang='lat' dir='ltr'>patrii</span> <span class='ocrx_word' id='word_1_19' title='bbox 246 311 370 368; x_wconf 79' lang='lat' dir='ltr'>Indigetes,</span> <span class='ocrx_word' id='word_1_20' title='bbox 384 322 408 359; x_wconf 85' lang='lat' dir='ltr'>et</span> <span class='ocrx_word' id='word_1_21' title='bbox 421 313 533 371; x_wconf 85' lang='lat' dir='ltr'>Romule,</span> <span class='ocrx_word' id='word_1_22' title='bbox 548 314 661 376; x_wconf 81' lang='lat' dir='ltr'>Vestaque</span> <span class='ocrx_word' id='word_1_23' title='bbox 673 327 762 378; x_wconf 82' lang='lat' dir='ltr'>mater,</span> 
     </span>
     <span class='ocr_line' id='line_1_5' title="bbox 59 375 754 444; baseline 0.016 -22"><span class='ocrx_word' id='word_1_24' title='bbox 59 375 62 380; x_wconf 84' lang='grc'><strong>’</strong></span> <span class='ocrx_word' id='word_1_25' title='bbox 84 377 151 440; x_wconf 66' lang='lat' dir='ltr'>Quae</span> <span class='ocrx_word' id='word_1_26' title='bbox 162 378 264 424; x_wconf 77' lang='lat' dir='ltr'>&#39;l&#39;uscurn</span> <span class='ocrx_word' id='word_1_27' title='bbox 277 377 395 435; x_wconf 85' lang='lat' dir='ltr'>Tiberim,</span> <span class='ocrx_word' id='word_1_28' title='bbox 408 387 432 426; x_wconf 85' lang='lat' dir='ltr'>et</span> <span class='ocrx_word' id='word_1_29' title='bbox 443 383 553 428; x_wconf 80' lang='lat' dir='ltr'>Romana</span> <span class='ocrx_word' id='word_1_30' title='bbox 566 381 653 442; x_wconf 76' lang='lat' dir='ltr'>palatia</span> <span class='ocrx_word' id='word_1_31' title='bbox 665 384 754 444; x_wconf 63' lang='lat' dir='ltr'>servm</span> 
     </span>
     <span class='ocr_line' id='line_1_6' title="bbox 80 443 666 506; baseline 0.012 -16"><span class='ocrx_word' id='word_1_32' title='bbox 80 446 153 492; x_wconf 70' lang='lat' dir='ltr'>llunc</span> <span class='ocrx_word' id='word_1_33' title='bbox 165 443 246 494; x_wconf 85' lang='lat' dir='ltr'>saltem</span> <span class='ocrx_word' id='word_1_34' title='bbox 258 443 336 490; x_wconf 83' lang='lat' dir='ltr'>everso</span> <span class='ocrx_word' id='word_1_35' title='bbox 344 445 455 506; x_wconf 78' lang='lat' dir='ltr'>juvenem</span> <span class='ocrx_word' id='word_1_36' title='bbox 466 445 596 496; x_wconf 84' lang='lat' dir='ltr'>succurrere</span> <span class='ocrx_word' id='word_1_37' title='bbox 606 448 666 498; x_wconf 79' lang='lat' dir='ltr'>seclo</span> 
     </span>
     <span class='ocr_line' id='line_1_7' title="bbox 83 509 717 576; baseline 0.013 -17"><span class='ocrx_word' id='word_1_38' title='bbox 83 514 121 559; x_wconf 89' lang='lat' dir='ltr'>Ne</span> <span class='ocrx_word' id='word_1_39' title='bbox 133 511 258 574; x_wconf 87' lang='lat' dir='ltr'>prohibite.</span> <span class='ocrx_word' id='word_1_40' title='bbox 279 509 340 558; x_wconf 83' lang='lat' dir='ltr'>Satis</span> <span class='ocrx_word' id='word_1_41' title='bbox 350 511 401 573; x_wconf 85' lang='lat' dir='ltr'>jam</span> <span class='ocrx_word' id='word_1_42' title='bbox 414 513 505 574; x_wconf 78' lang='lat' dir='ltr'>pridem</span> <span class='ocrx_word' id='word_1_43' title='bbox 519 515 633 576; x_wconf 83' lang='lat' dir='ltr'>sanguine</span> <span class='ocrx_word' id='word_1_44' title='bbox 639 515 717 568; x_wconf 79' lang='lat' dir='ltr'>nostro</span> 
     </span>
     <span class='ocr_line' id='line_1_8' title="bbox 81 576 593 644; baseline 0.004 -16"><span class='ocrx_word' id='word_1_45' title='bbox 81 579 274 628; x_wconf 79' lang='lat' dir='ltr'>Laomedonteae</span> <span class='ocrx_word' id='word_1_46' title='bbox 287 576 373 626; x_wconf 85' lang='lat' dir='ltr'>luimus</span> <span class='ocrx_word' id='word_1_47' title='bbox 384 581 485 644; x_wconf 87' lang='lat' dir='ltr'>perjuria</span> <span class='ocrx_word' id='word_1_48' title='bbox 497 583 593 644; x_wconf 82' lang='lat' dir='ltr'>Trojae.</span> 
     </span>
     <span class='ocr_line' id='line_1_9' title="bbox 82 645 615 710; baseline 0.011 -18"><span class='ocrx_word' id='word_1_49' title='bbox 82 647 135 707; x_wconf 80' lang='lat' dir='ltr'>Jum</span> <span class='ocrx_word' id='word_1_50' title='bbox 148 645 239 704; x_wconf 70' lang='lat' dir='ltr'>priflcm</span> <span class='ocrx_word' id='word_1_51' title='bbox 252 645 321 692; x_wconf 86' lang='lat' dir='ltr'>nobis</span> <span class='ocrx_word' id='word_1_52' title='bbox 332 645 390 693; x_wconf 90' lang='lat' dir='ltr'>coeli</span> <span class='ocrx_word' id='word_1_53' title='bbox 402 657 426 696; x_wconf 93' lang='lat' dir='ltr'>te</span> <span class='ocrx_word' id='word_1_54' title='bbox 437 648 508 708; x_wconf 78' lang='lat' dir='ltr'>regia,</span> <span class='ocrx_word' id='word_1_55' title='bbox 522 651 615 710; x_wconf 83' lang='lat' dir='ltr'>Caesar,</span> 
     </span>
     <span class='ocr_line' id='line_1_10' title="bbox 83 711 772 782; baseline 0.019 -24"><span class='ocrx_word' id='word_1_56' title='bbox 83 711 185 768; x_wconf 79' lang='lat' dir='ltr'><strong>Invidet,</strong></span> <span class='ocrx_word' id='word_1_57' title='bbox 198 721 270 771; x_wconf 87' lang='lat' dir='ltr'>atque</span> <span class='ocrx_word' id='word_1_58' title='bbox 283 711 408 761; x_wconf 85' lang='lat' dir='ltr'>hominum</span> <span class='ocrx_word' id='word_1_59' title='bbox 421 716 527 776; x_wconf 87' lang='lat' dir='ltr'>queritur</span> <span class='ocrx_word' id='word_1_60' title='bbox 538 733 618 766; x_wconf 78' lang='lat' dir='ltr'>curare</span> <span class='ocrx_word' id='word_1_61' title='bbox 630 721 772 782; x_wconf 82' lang='lat' dir='ltr'>triumphos.</span> 
     </span>
     <span class='ocr_line' id='line_1_11' title="bbox 82 779 824 847; baseline 0.019 -24"><span class='ocrx_word' id='word_1_62' title='bbox 82 779 177 844; x_wconf 77' lang='lat' dir='ltr'>Qippe</span> <span class='ocrx_word' id='word_1_63' title='bbox 188 779 229 824; x_wconf 93' lang='lat' dir='ltr'>ubi</span> <span class='ocrx_word' id='word_1_64' title='bbox 241 781 277 826; x_wconf 78' lang='lat' dir='ltr'>sus</span> <span class='ocrx_word' id='word_1_65' title='bbox 288 781 377 826; x_wconf 88' lang='lat' dir='ltr'>versum</span> <span class='ocrx_word' id='word_1_66' title='bbox 388 786 547 841; x_wconf 73' lang='lat' dir='ltr'>etquenefas2</span> <span class='ocrx_word' id='word_1_67' title='bbox 559 795 597 833; x_wconf 82' lang='lat' dir='ltr'>tot</span> <span class='ocrx_word' id='word_1_68' title='bbox 606 785 667 834; x_wconf 80' lang='lat' dir='ltr'>bella</span> <span class='ocrx_word' id='word_1_69' title='bbox 675 791 824 847; x_wconf 80' lang='lat' dir='ltr'>perorbem3</span> 
     </span>
     <span class='ocr_line' id='line_1_12' title="bbox 80 843 700 900; baseline 0.01 -7"><span class='ocrx_word' id='word_1_70' title='bbox 80 846 145 893; x_wconf 84' lang='lat' dir='ltr'>Tam</span> <span class='ocrx_word' id='word_1_71' title='bbox 157 843 247 893; x_wconf 75' lang='lat' dir='ltr'>inultae</span> <span class='ocrx_word' id='word_1_72' title='bbox 259 845 368 900; x_wconf 81' lang='lat' dir='ltr'>scelerum</span> <span class='ocrx_word' id='word_1_73' title='bbox 381 849 465 896; x_wconf 77' lang='lat' dir='ltr'>facies:</span> <span class='ocrx_word' id='word_1_74' title='bbox 485 865 534 894; x_wconf 92' lang='lat' dir='ltr'>non</span> <span class='ocrx_word' id='word_1_75' title='bbox 547 849 608 897; x_wconf 87' lang='lat' dir='ltr'>ullus</span> <span class='ocrx_word' id='word_1_76' title='bbox 620 863 700 899; x_wconf 88' lang='lat' dir='ltr'>aratro</span> 
     </span>
     <span class='ocr_line' id='line_1_13' title="bbox 80 912 696 976; baseline 0.011 -18"><span class='ocrx_word' id='word_1_77' title='bbox 80 912 175 972; x_wconf 83' lang='lat' dir='ltr'><strong>Dignus</strong></span> <span class='ocrx_word' id='word_1_78' title='bbox 187 913 276 960; x_wconf 84' lang='lat' dir='ltr'>honos:</span> <span class='ocrx_word' id='word_1_79' title='bbox 296 912 403 974; x_wconf 77' lang='lat' dir='ltr'>squalent</span> <span class='ocrx_word' id='word_1_80' title='bbox 415 915 521 966; x_wconf 69' lang='lat' dir='ltr'>abnueris</span> <span class='ocrx_word' id='word_1_81' title='bbox 531 931 586 964; x_wconf 80' lang='lat' dir='ltr'>arva</span> <span class='ocrx_word' id='word_1_82' title='bbox 597 913 696 976; x_wconf 75' lang='lat' dir='ltr'>colonis,</span> 
     </span>
     <span class='ocr_line' id='line_1_14' title="bbox 81 981 681 1040; baseline 0.005 -12"><span class='ocrx_word' id='word_1_83' title='bbox 81 982 114 1028; x_wconf 87' lang='lat' dir='ltr'>Et</span> <span class='ocrx_word' id='word_1_84' title='bbox 126 995 209 1027; x_wconf 84' lang='lat' dir='ltr'>curvae</span> <span class='ocrx_word' id='word_1_85' title='bbox 221 981 323 1040; x_wconf 73' lang='lat' dir='ltr'>rigidum</span> <span class='ocrx_word' id='word_1_86' title='bbox 335 981 406 1030; x_wconf 81' lang='lat' dir='ltr'>falces</span> <span class='ocrx_word' id='word_1_87' title='bbox 417 983 552 1032; x_wconf 78' lang='lat' dir='ltr'>conflantur</span> <span class='ocrx_word' id='word_1_88' title='bbox 561 983 681 1032; x_wconf 85' lang='lat' dir='ltr'>inensem.</span> 
     </span>
     <span class='ocr_line' id='line_1_15' title="bbox 80 1047 721 1108; baseline 0.009 -14"><span class='ocrx_word' id='word_1_89' title='bbox 80 1048 146 1094; x_wconf 82' lang='lat' dir='ltr'>Hinc</span> <span class='ocrx_word' id='word_1_90' title='bbox 158 1058 237 1105; x_wconf 83' lang='lat' dir='ltr'>movet</span> <span class='ocrx_word' id='word_1_91' title='bbox 248 1048 391 1108; x_wconf 82' lang='lat' dir='ltr'>Euphrates,</span> <span class='ocrx_word' id='word_1_92' title='bbox 404 1047 607 1097; x_wconf 81' lang='lat' dir='ltr'>illincGermania</span> <span class='ocrx_word' id='word_1_93' title='bbox 619 1049 721 1100; x_wconf 76' lang='lat' dir='ltr'>bellum:</span> 
     </span>
     <span class='ocr_line' id='line_1_16' title="bbox 74 1111 551 1174; baseline 0.002 -13"><span class='ocrx_word' id='word_1_94' title='bbox 74 1115 177 1164; x_wconf 77' lang='lat' dir='ltr'>&#39;Vioinae</span> <span class='ocrx_word' id='word_1_95' title='bbox 189 1115 265 1174; x_wconf 79' lang='lat' dir='ltr'>ruptis</span> <span class='ocrx_word' id='word_1_96' title='bbox 276 1116 338 1162; x_wconf 88' lang='lat' dir='ltr'>inter</span> <span class='ocrx_word' id='word_1_97' title='bbox 349 1115 372 1160; x_wconf 89' lang='lat' dir='ltr'>se</span> <span class='ocrx_word' id='word_1_98' title='bbox 382 1111 471 1171; x_wconf 81' lang='lat' dir='ltr'>legibus</span> <span class='ocrx_word' id='word_1_99' title='bbox 482 1117 551 1162; x_wconf 85' lang='lat' dir='ltr'>urbes</span> 
     </span>
     <span class='ocr_line' id='line_1_17' title="bbox 82 1179 678 1243; baseline 0.01 -15"><span class='ocrx_word' id='word_1_100' title='bbox 82 1186 161 1229; x_wconf 80' lang='lat' dir='ltr'>Arma</span> <span class='ocrx_word' id='word_1_101' title='bbox 173 1185 266 1230; x_wconf 83' lang='lat' dir='ltr'>ferunt:</span> <span class='ocrx_word' id='word_1_102' title='bbox 287 1179 357 1227; x_wconf 78' lang='lat' dir='ltr'>saevit</span> <span class='ocrx_word' id='word_1_103' title='bbox 369 1187 423 1227; x_wconf 83' lang='lat' dir='ltr'>toto</span> <span class='ocrx_word' id='word_1_104' title='bbox 435 1181 503 1228; x_wconf 80' lang='lat' dir='ltr'>Mars</span> <span class='ocrx_word' id='word_1_105' title='bbox 515 1181 602 1243; x_wconf 87' lang='lat' dir='ltr'>impius</span> <span class='ocrx_word' id='word_1_106' title='bbox 613 1186 678 1235; x_wconf 85' lang='lat' dir='ltr'>orbe.</span> 
     </span>
     <span class='ocr_line' id='line_1_18' title="bbox 82 1243 639 1311; baseline 0.004 -15"><span class='ocrx_word' id='word_1_107' title='bbox 82 1253 118 1297; x_wconf 87' lang='lat' dir='ltr'>Ut</span> <span class='ocrx_word' id='word_1_108' title='bbox 130 1265 184 1296; x_wconf 88' lang='lat' dir='ltr'>curn</span> <span class='ocrx_word' id='word_1_109' title='bbox 196 1246 324 1294; x_wconf 80' lang='lat' dir='ltr'>carceribus</span> <span class='ocrx_word' id='word_1_110' title='bbox 336 1243 380 1294; x_wconf 84' lang='lat' dir='ltr'>sese</span> <span class='ocrx_word' id='word_1_111' title='bbox 391 1243 492 1295; x_wconf 83' lang='lat' dir='ltr'>effirdere</span> <span class='ocrx_word' id='word_1_112' title='bbox 503 1249 639 1311; x_wconf 79' lang='lat' dir='ltr'>quadrigae,</span> 
     </span>
     <span class='ocr_line' id='line_1_19' title="bbox 82 1312 738 1373; baseline 0.009 -10"><span class='ocrx_word' id='word_1_113' title='bbox 82 1315 187 1363; x_wconf 85' lang='lat' dir='ltr'>Addunt</span> <span class='ocrx_word' id='word_1_114' title='bbox 199 1313 256 1360; x_wconf 86' lang='lat' dir='ltr'>sein</span> <span class='ocrx_word' id='word_1_115' title='bbox 268 1313 352 1373; x_wconf 82' lang='lat' dir='ltr'>spatia,</span> <span class='ocrx_word' id='word_1_116' title='bbox 364 1321 388 1362; x_wconf 86' lang='lat' dir='ltr'>et</span> <span class='ocrx_word' id='word_1_117' title='bbox 401 1312 485 1362; x_wconf 78' lang='lat' dir='ltr'>frustra</span> <span class='ocrx_word' id='word_1_118' title='bbox 497 1314 626 1366; x_wconf 79' lang='lat' dir='ltr'>retinacula</span> <span class='ocrx_word' id='word_1_119' title='bbox 638 1319 738 1368; x_wconf 79' lang='lat' dir='ltr'>tendens</span> 
     </span>
    </p>
   </div>
   <div class='ocr_carea' id='block_1_3' title="bbox 11 1379 726 1442">
    <p class='ocr_par' dir='ltr' id='par_1_4' title="bbox 11 1379 726 1442">
     <span class='ocr_line' id='line_1_20' title="bbox 11 1379 726 1442; baseline 0.017 -20"><span class='ocrx_word' id='word_1_120' title='bbox 11 1411 16 1422; x_wconf 88' lang='lat'>.</span> <span class='ocrx_word' id='word_1_121' title='bbox 83 1384 166 1432; x_wconf 76' lang='lat' dir='ltr'>Fertur</span> <span class='ocrx_word' id='word_1_122' title='bbox 176 1379 243 1441; x_wconf 86' lang='lat' dir='ltr'>equis</span> <span class='ocrx_word' id='word_1_123' title='bbox 253 1379 342 1440; x_wconf 77' lang='lat' dir='ltr'>auriga,</span> <span class='ocrx_word' id='word_1_124' title='bbox 356 1393 433 1442; x_wconf 86' lang='lat' dir='ltr'>neque</span> <span class='ocrx_word' id='word_1_125' title='bbox 444 1380 511 1432; x_wconf 84' lang='lat' dir='ltr'>audit</span> <span class='ocrx_word' id='word_1_126' title='bbox 522 1397 603 1432; x_wconf 87' lang='lat' dir='ltr'>currus</span> <span class='ocrx_word' id='word_1_127' title='bbox 612 1383 726 1434; x_wconf 76' lang='lat' dir='ltr'>habenae.</span> 
     </span>
    </p>
   </div>
   <div class='ocr_carea' id='block_1_4' title="bbox 168 1535 727 1648">
    <p class='ocr_par' dir='ltr' id='par_1_5' title="bbox 168 1535 727 1648">
     <span class='ocr_line' id='line_1_21' title="bbox 168 1535 727 1648; baseline 0.002 -13"><span class='ocrx_word' id='word_1_128' title='bbox 168 1535 524 1648; x_wconf 52' lang='lat' dir='ltr'>G&#39;Eottlolconr,</span> <span class='ocrx_word' id='word_1_129' title='bbox 562 1591 661 1638; x_wconf 74' lang='grc' dir='ltr'>ΗΒ.</span> <span class='ocrx_word' id='word_1_130' title='bbox 696 1591 727 1637; x_wconf 88' lang='lat'>11.</span> 
     </span>
    </p>
   </div>
   <div class='ocr_carea' id='block_1_5' title="bbox 83 1720 891 1785">
    <p class='ocr_par' dir='ltr' id='par_1_6' title="bbox 83 1720 891 1800">
     <span class='ocr_line' id='line_1_22' title="bbox 83 1720 891 1785; baseline 0 -15"><span class='ocrx_word' id='word_1_131' title='bbox 83 1727 154 1771; x_wconf 77' lang='lat' dir='ltr'>Auo.</span> <span class='ocrx_word' id='word_1_132' title='bbox 167 1721 212 1771; x_wconf 81' lang='lat' dir='ltr'>Hic</span> <span class='ocrx_word' id='word_1_133' title='bbox 224 1720 278 1771; x_wconf 85' lang='lat' dir='ltr'>liber</span> <span class='ocrx_word' id='word_1_134' title='bbox 286 1720 367 1770; x_wconf 65' lang='lat' dir='ltr'>tranat</span> <span class='ocrx_word' id='word_1_135' title='bbox 380 1725 485 1770; x_wconf 82' lang='lat' dir='ltr'>rationem</span> <span class='ocrx_word' id='word_1_136' title='bbox 497 1723 577 1769; x_wconf 78' lang='lat' dir='ltr'>vitiem</span> <span class='ocrx_word' id='word_1_137' title='bbox 588 1721 740 1769; x_wconf 77' lang='lat' dir='ltr'>colendarum:</span> <span class='ocrx_word' id='word_1_138' title='bbox 754 1731 824 1785; x_wconf 70' lang='lat' dir='ltr'>prae·</span> <span class='ocrx_word' id='word_1_139' title='bbox 890 1723 891 1774; x_wconf 65' lang='grc' dir='ltr'>ἶ</span> 
     </span>
    </p>
   </div>
   <div class='ocr_carea' id='block_1_6' title="bbox 206 1784 709 1850">
    <p class='ocr_par' dir='ltr' id='par_1_7' title="bbox 206 1784 709 1850">
     <span class='ocr_line' id='line_1_23' title="bbox 206 1784 709 1850; baseline -0.004 -16"><span class='ocrx_word' id='word_1_140' title='bbox 206 1796 265 1834; x_wconf 84' lang='lat' dir='ltr'>terea</span> <span class='ocrx_word' id='word_1_141' title='bbox 273 1795 393 1850; x_wconf 80' lang='lat' dir='ltr'>praccepta</span> <span class='ocrx_word' id='word_1_142' title='bbox 406 1787 431 1832; x_wconf 83' lang='lat' dir='ltr'>de</span> <span class='ocrx_word' id='word_1_143' title='bbox 442 1787 489 1831; x_wconf 81' lang='lat' dir='ltr'>olea</span> <span class='ocrx_word' id='word_1_144' title='bbox 501 1795 522 1832; x_wconf 76' lang='lat' dir='ltr'>ct</span> <span class='ocrx_word' id='word_1_145' title='bbox 533 1787 582 1831; x_wconf 79' lang='lat' dir='ltr'>aliis</span> <span class='ocrx_word' id='word_1_146' title='bbox 594 1784 709 1834; x_wconf 73' lang='lat' dir='ltr'>arboribus.</span> 
     </span>
    </p>
   </div>
   <div class='ocr_carea' id='block_1_7' title="bbox 84 1912 742 2788">
    <p class='ocr_par' dir='ltr' id='par_1_8' title="bbox 84 1912 742 2788">
     <span class='ocr_line' id='line_1_24' title="bbox 85 1912 740 1975; baseline -0.003 -6"><span class='ocrx_word' id='word_1_147' title='bbox 85 1925 140 1969; x_wconf 86' lang='lat' dir='ltr'>HA</span> <span class='ocrx_word' id='word_1_148' title='bbox 151 1918 225 1968; x_wconf 84' lang='lat' dir='ltr'>CTE</span> <span class='ocrx_word' id='word_1_149' title='bbox 233 1919 257 1964; x_wconf 88' lang='lat' dir='ltr'>N</span> <span class='ocrx_word' id='word_1_150' title='bbox 265 1917 310 1962; x_wconf 89' lang='lat' dir='ltr'>US</span> <span class='ocrx_word' id='word_1_151' title='bbox 328 1929 437 1963; x_wconf 79' lang='lat' dir='ltr'>arvorum</span> <span class='ocrx_word' id='word_1_152' title='bbox 449 1912 536 1975; x_wconf 80' lang='lat' dir='ltr'>cultus,</span> <span class='ocrx_word' id='word_1_153' title='bbox 548 1925 574 1965; x_wconf 86' lang='lat' dir='ltr'>et</span> <span class='ocrx_word' id='word_1_154' title='bbox 584 1914 657 1966; x_wconf 80' lang='lat' dir='ltr'>fidem</span> <span class='ocrx_word' id='word_1_155' title='bbox 668 1916 740 1968; x_wconf 84' lang='lat' dir='ltr'>coeli:</span> 
     </span>
     <span class='ocr_line' id='line_1_25' title="bbox 84 1980 742 2045; baseline -0.002 -9"><span class='ocrx_word' id='word_1_156' title='bbox 84 1991 156 2036; x_wconf 88' lang='lat' dir='ltr'>Nunc</span> <span class='ocrx_word' id='word_1_157' title='bbox 166 1995 201 2043; x_wconf 85' lang='lat' dir='ltr'>te,</span> <span class='ocrx_word' id='word_1_158' title='bbox 214 1980 312 2038; x_wconf 82' lang='lat' dir='ltr'>Bacche,</span> <span class='ocrx_word' id='word_1_159' title='bbox 324 1997 418 2040; x_wconf 82' lang='lat' dir='ltr'>canam,</span> <span class='ocrx_word' id='word_1_160' title='bbox 431 1999 525 2045; x_wconf 81' lang='lat' dir='ltr'>necnon</span> <span class='ocrx_word' id='word_1_161' title='bbox 536 1981 644 2033; x_wconf 81' lang='lat' dir='ltr'>siluellrie</span> <span class='ocrx_word' id='word_1_162' title='bbox 655 1988 742 2034; x_wconf 83' lang='lat' dir='ltr'>tecum‘</span> 
     </span>
     <span class='ocr_line' id='line_1_26' title="bbox 84 2047 648 2115; baseline 0.007 -19"><span class='ocrx_word' id='word_1_163' title='bbox 84 2051 201 2115; x_wconf 79' lang='lat' dir='ltr'>Virgulta,</span> <span class='ocrx_word' id='word_1_164' title='bbox 214 2059 237 2099; x_wconf 86' lang='lat' dir='ltr'>et</span> <span class='ocrx_word' id='word_1_165' title='bbox 250 2047 341 2110; x_wconf 85' lang='lat' dir='ltr'>prolem</span> <span class='ocrx_word' id='word_1_166' title='bbox 353 2051 420 2096; x_wconf 82' lang='lat' dir='ltr'>tarde</span> <span class='ocrx_word' id='word_1_167' title='bbox 431 2049 554 2108; x_wconf 77' lang='lat' dir='ltr'>crescentis</span> <span class='ocrx_word' id='word_1_168' title='bbox 566 2050 648 2100; x_wconf 87' lang='lat' dir='ltr'>olivae.</span> 
     </span>
     <span class='ocr_line' id='line_1_27' title="bbox 84 2114 679 2182; baseline -0.005 -12"><span class='ocrx_word' id='word_1_169' title='bbox 84 2125 148 2179; x_wconf 82' lang='lat' dir='ltr'>Huc,</span> <span class='ocrx_word' id='word_1_170' title='bbox 162 2129 229 2182; x_wconf 86' lang='lat' dir='ltr'>pates</span> <span class='ocrx_word' id='word_1_171' title='bbox 240 2114 256 2166; x_wconf 85' lang='lat' dir='ltr'>b</span> <span class='ocrx_word' id='word_1_172' title='bbox 266 2120 373 2164; x_wconf 82' lang='lat' dir='ltr'>Lenaee:</span> <span class='ocrx_word' id='word_1_173' title='bbox 394 2117 454 2179; x_wconf 85' lang='lat' dir='ltr'>(tuis</span> <span class='ocrx_word' id='word_1_174' title='bbox 464 2115 506 2164; x_wconf 83' lang='lat' dir='ltr'>hle</span> <span class='ocrx_word' id='word_1_175' title='bbox 517 2119 598 2166; x_wconf 83' lang='lat' dir='ltr'>omnia</span> <span class='ocrx_word' id='word_1_176' title='bbox 610 2118 679 2178; x_wconf 80' lang='lat' dir='ltr'>plena</span> 
     </span>
     <span class='ocr_line' id='line_1_28' title="bbox 85 2183 688 2244; baseline -0.007 -8"><span class='ocrx_word' id='word_1_177' title='bbox 85 2187 237 2236; x_wconf 76' lang='lat' dir='ltr'>Muneribusr</span> <span class='ocrx_word' id='word_1_178' title='bbox 257 2183 302 2231; x_wconf 88' lang='lat' dir='ltr'>tibi</span> <span class='ocrx_word' id='word_1_179' title='bbox 314 2183 441 2243; x_wconf 81' lang='lat' dir='ltr'>pampineo</span> <span class='ocrx_word' id='word_1_180' title='bbox 453 2184 562 2244; x_wconf 77' lang='lat' dir='ltr'>gravidus</span> <span class='ocrx_word' id='word_1_181' title='bbox 574 2196 688 2232; x_wconf 81' lang='lat' dir='ltr'>autumno</span> 
     </span>
     <span class='ocr_line' id='line_1_29' title="bbox 86 2249 684 2313; baseline -0.008 -10"><span class='ocrx_word' id='word_1_182' title='bbox 86 2254 165 2303; x_wconf 83' lang='lat' dir='ltr'>Floret</span> <span class='ocrx_word' id='word_1_183' title='bbox 178 2267 245 2313; x_wconf 81' lang='lat' dir='ltr'>ager:</span> <span class='ocrx_word' id='word_1_184' title='bbox 265 2249 358 2311; x_wconf 82' lang='lat' dir='ltr'>spumat</span> <span class='ocrx_word' id='word_1_185' title='bbox 370 2249 446 2310; x_wconf 85' lang='lat' dir='ltr'>plenis</span> <span class='ocrx_word' id='word_1_186' title='bbox 457 2251 575 2300; x_wconf 87' lang='lat' dir='ltr'>vindemia</span> <span class='ocrx_word' id='word_1_187' title='bbox 586 2249 656 2298; x_wconf 85' lang='lat' dir='ltr'>labris</span> <span class='ocrx_word' id='word_1_188' title='bbox 664 2251 684 2311; x_wconf 88' lang='lat'>:)</span> 
     </span>
     <span class='ocr_line' id='line_1_30' title="bbox 85 2315 693 2382; baseline -0.012 -11"><span class='ocrx_word' id='word_1_189' title='bbox 85 2325 149 2380; x_wconf 82' lang='lat' dir='ltr'>Huc,</span> <span class='ocrx_word' id='word_1_190' title='bbox 162 2331 229 2382; x_wconf 83' lang='lat' dir='ltr'>pater</span> <span class='ocrx_word' id='word_1_191' title='bbox 240 2315 255 2366; x_wconf 80' lang='lat' dir='ltr'>b</span> <span class='ocrx_word' id='word_1_192' title='bbox 267 2321 369 2374; x_wconf 83' lang='lat' dir='ltr'>Lenaee,</span> <span class='ocrx_word' id='word_1_193' title='bbox 382 2319 450 2366; x_wconf 83' lang='lat' dir='ltr'>reni:</span> <span class='ocrx_word' id='word_1_194' title='bbox 470 2320 606 2378; x_wconf 86' lang='lat' dir='ltr'>nudataque</span> <span class='ocrx_word' id='word_1_195' title='bbox 618 2317 693 2365; x_wconf 86' lang='lat' dir='ltr'>musto</span> 
     </span>
     <span class='ocr_line' id='line_1_31' title="bbox 85 2385 669 2448; baseline -0.007 -11"><span class='ocrx_word' id='word_1_196' title='bbox 85 2389 164 2448; x_wconf 79' lang='lat' dir='ltr'>Tinge</span> <span class='ocrx_word' id='word_1_197' title='bbox 176 2403 238 2434; x_wconf 89' lang='lat' dir='ltr'>novo</span> <span class='ocrx_word' id='word_1_198' title='bbox 250 2401 341 2434; x_wconf 88' lang='lat' dir='ltr'>mecum</span> <span class='ocrx_word' id='word_1_199' title='bbox 355 2385 452 2446; x_wconf 82' lang='lat' dir='ltr'>direptis</span> <span class='ocrx_word' id='word_1_200' title='bbox 463 2401 529 2434; x_wconf 87' lang='lat' dir='ltr'>crura</span> <span class='ocrx_word' id='word_1_201' title='bbox 540 2385 669 2433; x_wconf 87' lang='lat' dir='ltr'>cothurnis.</span> 
     </span>
     <span class='ocr_line' id='line_1_32' title="bbox 121 2451 716 2516; baseline -0.005 -13"><span class='ocrx_word' id='word_1_202' title='bbox 121 2455 241 2516; x_wconf 84' lang='lat' dir='ltr'>Principio</span> <span class='ocrx_word' id='word_1_203' title='bbox 252 2453 373 2502; x_wconf 86' lang='lat' dir='ltr'>arboribus</span> <span class='ocrx_word' id='word_1_204' title='bbox 384 2453 447 2500; x_wconf 86' lang='lat' dir='ltr'>varia</span> <span class='ocrx_word' id='word_1_205' title='bbox 458 2453 491 2502; x_wconf 85' lang='lat' dir='ltr'>est</span> <span class='ocrx_word' id='word_1_206' title='bbox 502 2461 586 2500; x_wconf 82' lang='lat' dir='ltr'>natura</span> <span class='ocrx_word' id='word_1_207' title='bbox 597 2451 716 2501; x_wconf 75' lang='lat' dir='ltr'>creandis:</span> 
     </span>
     <span class='ocr_line' id='line_1_33' title="bbox 86 2517 723 2584; baseline -0.009 -12"><span class='ocrx_word' id='word_1_208' title='bbox 86 2525 200 2584; x_wconf 80' lang='lat' dir='ltr'>Namque</span> <span class='ocrx_word' id='word_1_209' title='bbox 211 2520 278 2580; x_wconf 78' lang='lat' dir='ltr'>aliae,</span> <span class='ocrx_word' id='word_1_210' title='bbox 291 2518 361 2568; x_wconf 90' lang='lat' dir='ltr'>nullis</span> <span class='ocrx_word' id='word_1_211' title='bbox 369 2519 494 2576; x_wconf 86' lang='lat' dir='ltr'>hominum</span> <span class='ocrx_word' id='word_1_212' title='bbox 506 2517 652 2580; x_wconf 82' lang='lat' dir='ltr'>cogentibus,</span> <span class='ocrx_word' id='word_1_213' title='bbox 662 2518 723 2580; x_wconf 69' lang='lat' dir='ltr'>ipfae</span> 
     </span>
     <span class='ocr_line' id='line_1_34' title="bbox 88 2583 715 2652; baseline -0.006 -15"><span class='ocrx_word' id='word_1_214' title='bbox 88 2593 177 2652; x_wconf 83' lang='lat' dir='ltr'>Sponte</span> <span class='ocrx_word' id='word_1_215' title='bbox 189 2590 227 2638; x_wconf 84' lang='lat' dir='ltr'>sua</span> <span class='ocrx_word' id='word_1_216' title='bbox 238 2589 349 2645; x_wconf 68' lang='lat' dir='ltr'>veniuntr</span> <span class='ocrx_word' id='word_1_217' title='bbox 369 2588 511 2648; x_wconf 82' lang='lat' dir='ltr'>camposque</span> <span class='ocrx_word' id='word_1_218' title='bbox 523 2597 547 2635; x_wconf 89' lang='lat' dir='ltr'>et</span> <span class='ocrx_word' id='word_1_219' title='bbox 559 2587 655 2637; x_wconf 80' lang='lat' dir='ltr'>flumina</span> <span class='ocrx_word' id='word_1_220' title='bbox 667 2583 715 2634; x_wconf 86' lang='lat' dir='ltr'>late</span> 
     </span>
     <span class='ocr_line' id='line_1_35' title="bbox 89 2651 722 2716; baseline -0.006 -12"><span class='ocrx_word' id='word_1_221' title='bbox 89 2660 167 2707; x_wconf 82' lang='lat' dir='ltr'>Curva</span> <span class='ocrx_word' id='word_1_222' title='bbox 177 2667 272 2716; x_wconf 79' lang='lat' dir='ltr'>tenent;</span> <span class='ocrx_word' id='word_1_223' title='bbox 292 2665 320 2706; x_wconf 82' lang='lat' dir='ltr'>ut</span> <span class='ocrx_word' id='word_1_224' title='bbox 329 2652 401 2704; x_wconf 87' lang='lat' dir='ltr'>molle</span> <span class='ocrx_word' id='word_1_225' title='bbox 411 2653 472 2712; x_wconf 79' lang='lat' dir='ltr'>siler,</span> <span class='ocrx_word' id='word_1_226' title='bbox 481 2652 605 2713; x_wconf 84' lang='lat' dir='ltr'>lentaeque</span> <span class='ocrx_word' id='word_1_227' title='bbox 614 2651 722 2714; x_wconf 71' lang='lat' dir='ltr'>genistae,</span> 
     </span>
     <span class='ocr_line' id='line_1_36' title="bbox 89 2720 640 2788; baseline -0.009 -14"><span class='ocrx_word' id='word_1_228' title='bbox 89 2724 203 2788; x_wconf 53' lang='lat' dir='ltr'>⁷»-..un</span> <span class='ocrx_word' id='word_1_229' title='bbox 215 2735 238 2776; x_wconf 84' lang='lat' dir='ltr'>et</span> <span class='ocrx_word' id='word_1_230' title='bbox 252 2724 332 2788; x_wconf 71' lang='lat' dir='ltr'>glauca</span> <span class='ocrx_word' id='word_1_231' title='bbox 341 2722 450 2776; x_wconf 72' lang='lat' dir='ltr'>eamntia</span> <span class='ocrx_word' id='word_1_232' title='bbox 461 2721 544 2772; x_wconf 77' lang='lat' dir='ltr'>froude</span> <span class='ocrx_word' id='word_1_233' title='bbox 555 2720 640 2771; x_wconf 77' lang='lat' dir='ltr'>saliua.</span> 
     </span>
    </p>
   </div>
   <div class='ocr_carea' id='block_1_8' title="bbox 785 1901 891 1998">
    <p class='ocr_par' dir='ltr' id='par_1_9' title="bbox 785 1865 891 1998">
     <span class='ocr_line' id='line_1_37' title="bbox 785 1901 891 1998; baseline 0 0"><span class='ocrx_word' id='word_1_234' title='bbox 785 1901 891 1998; x_wconf 67' lang='lat' dir='ltr'>qr</span> 
     </span>
    </p>
   </div>
   <div class='ocr_carea' id='block_1_9' title="bbox 0 0 907 2904">
    <p class='ocr_par' dir='ltr' id='par_1_10' title="bbox 0 0 907 2904">
     <span class='ocr_line' id='line_1_38' title="bbox 0 0 907 2904; baseline 0 0"><span class='ocrx_word' id='word_1_235' title='bbox 0 0 907 2904; x_wconf 95' lang='lat' dir='ltr'> </span> 
     </span>
    </p>
   </div>
  </div>
 </body>
</html>
