1818 2914
163 54 419 106 AENEIDOS
454 52 539 100 LIB.
569 53 611 100 vl·
663 61 720 116 3372
773 61 820 113 193

86 151 144 199 Eece
154 153 297 212 gubernator
306 147 483 200 sesePalinurus
493 149 592 210 agebat:

88 217 135 282 Qi
146 218 235 280 Libyco
247 233 322 279 nuper
332 217 407 274 cursu,
420 219 477 264 dum
489 215 562 266 fidera
573 216 659 276 servat,

87 283 210 333 Exciderat
221 285 304 364 puppi,
318 284 401 332 mediis
411 282 510 332 effusus
504 300 530 330 ιιι
544 284 621 330 undis.

84 353 162 409 Hunc,
176 352 247 399 ubi'
227 367 266 400 ιιιι
277 349 354 400 multa
365 349 479 398 moestum
491 350 603 411 cognovit
613 349 639 398 in
651 350 745 410 umbra,

86 417 122 466 Sic
133 418 196 479 prior
205 417 347 482 alloquitur:
369 417 430 482 Qis
440 426 473 474 te,
485 415 603 475 Palinure,
612 407 722 479 Deorum

85 485 176 545 Eripuit
187 485 265 544 nobis,
277 485 404 545 medioque
415 484 455 530 sub
467 499 566 545 aequore
578 453 673 533 nlersrt?
759 485 763 496 '

84 551 129 599 Die
139 568 189 613 age.
208 555 319 613 Namque
332 551 401 609 mihi,
414 548 488 598 fallax
500 551 563 598 haud
574 561 630 599 ante
641 539 757 612 repertus,

84 619 136 666 Hoc
144 635 193 666 uno
204 570 313 680 respoliso
324 618 431 666 animum
443 615 527 666 delusit
540 615 644 678 Apollo:

85 683 132 750 Qi
144 687 194 732 fore
205 694 230 733 te
241 695 317 744 ponto
328 683 479 742 ineolumem,
493 682 595 744 finesque
606 687 706 734 canebat

82 753 215 800 Venturum
227 751 353 800 Ausonios.
373 755 410 799 En
422 751 480 812 haec
492 747 601 811 promissa
614 750 669 799 fides
679 748 728 800 est?

117 815 159 866 llle
170 827 263 866 autem:
284 821 367 880 Neque
379 827 403 867 te
417 817 506 865 Phoebi
519 817 610 866 cortina
622 815 728 881 fefellit„

79 884 297 944 DuxAuclriliade,
310 901 354 934 nee
366 901 403 932 me
412 887 479 932 Deus
491 899 591 944 aequore
603 882 696 932 mersit:
749 918 750 928 ,

80 953 192 1013 Namque
203 951 387 1013 gubernaculum
400 938 476 999 multa
489 966 513 997 vr
506 950 571 998 'tior
562 960 585 999 te
596 949 720 1011 revulsum,

80 1017 127 1065 Cui
138 1020 206 1067 datus
217 1020 343 1068 haerebam
354 1016 439 1076 custos,
451 1016 572 1078 cursusque
585 1019 703 1078 regebam,

80 1077 242 1145 Praecipitans
252 1086 316 1135 traxi
328 1101 430 1134 mecum.
450 1083 528 1132 Maria
539 1083 636 1145 aspera
628 1100 692 1146 Juro,

49 1173 59 1192 a
77 1153 139 1199 Non
150 1149 223 1199 ullum
236 1169 279 1214 pro
291 1161 436 1208 metaurum
450 1148 533 1212 cepille
544 1151 667 1209 timorem,

78 1215 161 1282 Qam
172 1228 214 1268 tua
226 1235 254 1267 ne
265 1219 364 1282 spoliata
375 1220 455 1279 armis,
468 1216 560 1268 exeull'a
572 1186 693 1280 magistio,

74 1284 196 1335 Deficeret
208 1287 281 1336 tantis
292 1289 358 1336 navis
369 1256 515 1348 surgentibu‘s
526 1287 603 1334 undis.
785 1333 788 1342 ,

44 1353 57 1390 ⁸
74 1352 139 1399 Tres
151 1355 229 1402 Notus
240 1354 350 1403 hibernas
358 1352 473 1401 immensa
485 1369 527 1414 per
534 1369 639 1414 aequora
650 1352 730 1403 nodbes

12 1433 14 1436 ·
74 1417 153 1476 Vexit
164 1433 203 1476 me
191 1409 331 1466 violentus
341 1435 416 1478 aqua.
435 1419 477 1464 vix
485 1419 576 1466 lumine
587 1429 673 1478 quarto

76 1471 198 1541 Prospeni
210 1481 315 1539 Italiam,
327 1483 419 1530 summa
430 1479 535 1528 sublimis
545 1485 575 1530 ab
586 1485 658 1530 unda.

73 1547 212 1600 Paullatim
224 1548 342 1596 adnabam
355 1556 444 1596 terrae:
460 1549 511 1608 jam
522 1557 576 1596 tuta
587 1551 710 1610 tenebam

73 1615 113 1666 Ni
124 1630 183 1676 gens
194 1611 295 1662 crudelis
307 1613 402 1662 madida
413 1629 468 1661 cum
479 1611 540 1662 veste
551 1625 683 1678 gravatum,

74 1681 285 1744 Prensantemque
296 1681 362 1730 uncis
374 1680 484 1730 manibus
495 1681 573 1743 capita
586 1682 665 1743 aspera
677 1681 775 1746 moniis,

72 1752 151 1800 Ferro
162 1745 287 1808 invasisset,
300 1749 477 1812 praedamque'
471 1763 550 1810 ignara
562 1745 672 1810 putasset.
895 1789 896 1798 ,

73 1819 153 1865 Nunc
164 1832 203 1864 me
215 1785 297 1864 fluctis
308 1815 388 1876 habet,
400 1815 557 1879 versantque'
550 1833 575 1866 ιιι
588 1815 656 1866 litore
665 1816 742 1868 renti.
784 1839 799 1878 χ
895 1813 896 1828 ³

75 1883 154 1948 Qod
164 1893 189 1932 te
200 1899 242 1944 per
253 1881 311 1931 coeli
319 1852 449 1946 jucuridum
461 1882 550 1943 lumen,
564 1893 589 1936 et
600 1901 676 1946 aurae,

73 1951 125 2000 Per
136 1949 268 2009 genitorem
278 1967 329 2009 oro,
342 1967 384 2012 per
394 1952 458 2011 spem
470 1921 584 2014 surgeritis
597 1951 657 2010 liili·

12 2071 14 2078 ‚
71 2016 152 2077 Eripe
162 2015 253 2074 mehis,
265 1988 359 2075 invidie,
372 2015 453 2064 malis.
472 2027 515 2066 aut
525 2028 552 2068 tu
564 2017 623 2066 mihi
634 2027 724 2066 terram

71 2083 160 2146 injice,
174 2097 278 2144 namque
289 2093 366 2146 potes,
379 2083 505 2145 portusque
516 2084 609 2144 require
620 2075 724 2131 Velinos'.

69 2147 132 2200 Ant
144 2159 181 2208 tu,
194 2147 210 2196 li
223 2165 270 2212 qua
280 2151 319 2197 via
330 2147 372 2208 est,
385 2147 401 2196 fi
413 2165 486 2210 quarn
498 2149 543 2198 tibi
555 2149 619 2196 Diva
630 2149 731 2198 creatrix

70 2187 189 2265 Ostendit
201 2217 290 2278 (neque
301 2215 365 2263 enim
376 2217 446 2265 credo
454 2214 501 2264 sme
512 2215 610 2264 numine
620 2213 713 2266 Divllm

26 2316 32 2322 -
70 2281 191 2330 Flumina
201 2291 271 2333 tanta
282 2296 351 2344 paras
363 2281 534 2344 Stygiamque'
527 2297 609 2330 innare
619 2281 742 2348 paludem)

67 2352 117 2400 Da
129 2349 239 2398 dextram
253 2350 345 2407 misero,
358 2359 382 2398 et
394 2358 473 2398 tecum
486 2363 524 2396 me
535 2347 592 2398 tolle
603 2365 645 2411 per
655 2353 744 2412 undas3

69 2415 178 2466 Sedibus
188 2426 216 2464 ut
227 2415 309 2464 saltem
321 2387 437 2478 placidis'
430 2431 455 2464 ιιι
468 2425 544 2464 morte
555 2415 679 2478 quiescam.

107 2480 184 2530 Talia
195 2483 329 2542 saturem,
341 2483 419 2546 eoepit
430 2484 483 2532 ciam
496 2480 553 2532 talia
562 2493 641 2532 rates:

69 2549 151 2598 Unde
163 2548 230 2608 baec,
242 2547 258 2598 b
270 2519 388 2609 Paliirure,
399 2549 444 2599 tibi
456 2559 505 2600 tam
518 2551 569 2600 dira
580 2546 681 2611 cupido?

67 2617 116 2666 Tu
129 2585 230 2677 stygias'
237 2615 375 2666 inhumatus
385 2633 466 2680 aquas,
478 2631 621 2696 amnemque
631 2616 735 2665 severum

70 2682 241 2733 Eumenidum
254 2681 364 2746 aspicierl
381 2687 487 2749 ripamve
498 2684 530 2749 ιιι]
525 2679 593 2734 'uffus
603 2680 711 2741 abibis?

372 2801 374 2808 ,
438 2753 464 2802 R
