1818 2914
10 1 13 51 l

10 59 12 96 l

177 1 433 88 nuu'nrnos
467 31 556 78 ιη.
583 31 614 78 v.
666 43 725 82 202.=
791 29 837 90 ιω

94 130 209 190 Namque
220 131 300 183 furens
310 127 393 186 animi,
404 128 461 178 dum
474 141 571 187 prorem
582 127 613 174 ad
624 125 680 174 saxa
691 125 799 187 suburget

93 197 206 254 Interior,
219 195 342 256 spatioque
353 194 415 244 subit
424 192 540 254 Sergestus
551 193 643 254 iniquo,
714 229 717 236 .

93 261 183 310 Infelix
194 261 255 312 suxis
267 263 290 308 in
303 260 493 322 procurrentibus
505 258 586 308 haesit.
619 299 625 310 .
688 271 689 276 ’

93 326 224 378 Concussae
236 337 324 392 captes,
336 337 361 374 et
373 337 443 376 acuto
455 327 480 374 in
492 331 579 376 murice
591 327 650 374 remi

94 395 187 442 Obuius
198 393 319 456 creputre3
339 391 445 454 iliisaque
457 409 526 454 prora
538 393 659 454 pependit.

94 461 247 522 Consurgunt
258 470 354 519 nautae,
370 469 396 507 et
407 472 495 520 magno
506 457 607 508 clamore
619 468 754 520 morantur,
833 481 836 486 ·
897 525 898 532 ἵ

54 579 57 584 ,
96 519 248 589 Ferratasque
259 527 334 585 sudes,
347 537 373 574 et
383 537 454 574 acuta
465 525 558 586 cuspide
569 537 652 576 contos

94 595 244 655 Expediuut,
256 591 481 654 fundosquelegunt
492 593 516 640 in
529 593 619 654 gurgite
630 610 714 643 remos.

94 664 135 709 Ar
146 657 222 708 laetus
234 658 379 722 Mnestheus,
391 657 536 720 successuque
546 660 621 708 aerior
632 660 691 722 ipso,
791 666 797 672 “

10 765 11 768 ¹
94 727 205 787 Agmine
216 741 336 776 remorum
347 723 423 786 celeri,
435 725 557 787 ventisque
567 728 667 786 vocatis,

94 795 177 842 Prona
189 791 249 854 petit
261 792 344 852 urana,
356 802 380 842 et
391 792 474 854 pelago
485 795 586 848 decurrit
597 804 688 854 aperto.

95 857 182 923 Qalis
190 858 300 921 spelunea
308 859 394 918 subito,
407 870 530 910 commota
541 859 661 919 columba,

10 921 20 960 ι’
95 926 142 975 Cui
153 925 238 976 domus
249 936 274 976 et
285 924 365 976 dulces
375 924 491 974 latebroso
503 926 529 974 in
540 927 633 987 pumice
645 927 705 985 nidi,

95 996 181 1040 Fertur
192 994 216 1040 in
226 1009 281 1042 arva
293 991 386 1051 volans,
398 991 553 1054 plausumque
564 994 676 1042 exterrita
688 995 773 1054 pennis

94 1061 150 1108 Dat
160 1061 223 1107 testo
231 1061 368 1120 ingentemg
389 1075 447 1107 mox
456 1063 511 1108 adue
521 1057 586 1121 lapsa
597 1059 679 1122 quieto
749 1089 752 1098 ·

96 1125 173 1173 Radit
185 1125 228 1174 iter
238 1125 365 1188 liquidum,
378 1125 462 1176 celeres
473 1143 551 1195 neque
561 1136 697 1180 commovet
708 1125 770 1176 alost

94 1191 289 1251 auunculum,
301 1192 332 1240 stc
343 1193 393 1254 ipsa
403 1196 459 1256 fuga
471 1193 532 1244 secat
544 1191 628 1242 ultima
641 1193 722 1244 Pristis

11 1265 12 1272 ¹
94 1265 221 1319 Aequora3
242 1257 273 1308 src
283 1258 350 1310 illam
361 1263 408 1310 fert
418 1261 523 1322 impetus
534 1261 582 1321 ipse
594 1259 726 1310 volantem.

95 1325 137 1372 Ac
147 1325 251 1385 primum
262 1327 287 1374 in
299 1325 394 1387 scopulo
404 1325 534 1377 ludentem
546 1327 629 1380 deserit
640 1327 690 1378 alto
753 1368 756 1374 .

89 1390 235 1450 Sergestum,
247 1393 400 1452 brevibusque
410 1394 485 1452 vadis,
493 1393 624 1454 frustraque
634 1405 760 1446 uocantem

92 1453 207 1513 Auxilia,
219 1465 244 1503 et
255 1458 336 1502 trustis
344 1457 471 1504 discentem
483 1475 572 1504 currere
583 1459 660 1507 remis.

93 1523 156 1570 lnde
166 1524 249 1581 Gyan,
261 1520 382 1580 ipsamque
393 1521 483 1580 ingenti
494 1521 566 1570 molle
578 1523 728 1574 Chimaeram

92 1585 265 1648 Consequitur.
284 1586 364 1644 Cedit,
374 1587 487 1648 quoniam
499 1585 597 1648 spoliata
607 1589 716 1649 magistro
726 1589 766 1638 est.

95 1653 165 1704 Solus
174 1653 274 1716 jamque
283 1652 334 1714 ipso
344 1651 444 1714 superest
456 1654 482 1700 in
494 1653 540 1702 fine
548 1652 694 1706 Cloanthus:
786 1661 789 1668 ’

95 1721 176 1786 Qem
189 1720 260 1781 petit,
273 1730 297 1770 et
308 1719 405 1769 summis
416 1721 518 1770 adnisus
529 1721 616 1770 viribus
630 1734 705 1785 urget.

93 1789 160 1836 Tum
171 1803 228 1836 vero
237 1787 369 1847 ingeminat
380 1785 479 1848 elamor,
491 1789 616 1850 eunstiqne
626 1790 764 1852 sequentem

94 1852 212 1914 instigant
220 1852 313 1902 studiis:
332 1854 471 1918 resonatque
482 1856 613 1917 fragoribus
623 1858 712 1908 aether.

93 1919 129 1968 Hi
141 1921 263 1980 proprium
272 1923 350 1979 decus,
362 1931 386 1970 et
395 1933 490 1983 partum
502 1923 657 1986 indignantur
666 1926 793 1988 honorem,

94 1985 130 2034 Ni
141 1995 255 2034 teneant:
273 1987 396 2050 vitamque
406 1987 491 2038 volunt
503 2007 547 2050 pru
558 1989 626 2040 laude
638 1993 730 2051 pacisci.

94 2055 148 2100 llos
159 2050 269 2101 successus
279 2052 336 2102 alit:
356 2050 461 2114 possunt,
473 2056 529 2116 quia
538 2053 602 2116 posse
613 2058 731 2107 videntur.
829 2088 832 2097 ‹

94 2121 129 2166 Et
142 2121 189 2166 sors
200 2121 307 2181 aequatis
315 2119 427 2180 cepissent
439 2121 543 2181 praemia
555 2121 646 2181 rostrie3

94 2185 139 2241 Ni,
152 2184 243 2244 palmas
254 2197 331 2248 ponto
344 2188 444 2234 tendens
451 2187 571 2248 utrasque,
582 2186 715 2240 Cloanthus

95 2245 245 2312 Fudilsetque
254 2269 343 2313 preces,
350 2253 471 2314 Divosque
483 2257 508 2302 in
519 2264 576 2303 vota
584 2253 702 2306 vociffit:

92 2315 141 2374 Di,
150 2319 235 2377 qubus
246 2319 372 2380 imperium
383 2319 416 2368 est
427 2319 513 2382 pelagi,
523 2336 624 2384 quorum
635 2340 737 2386 aequore
748 2343 825 2387 oeno,

92 2385 168 2432 Vobis
181 2383 254 2434 laetus
264 2403 307 2446 ego
319 2385 364 2434 hoc
372 2389 514 2436 candentem
526 2388 551 2438 in
562 2388 631 2438 litore
642 2400 737 2442 taurum
831 2411 833 2418 ’

92 2449 310 2502 contraeunte
321 2467 381 2510 arae,
394 2453 445 2501 voti
455 2470 516 2512 reus,
528 2465 630 2518 extaque
642 2456 711 2508 salsos

94 2517 226 2566 Porriciam
235 2517 260 2566 iu
270 2519 363 2580 dusius,
376 2529 400 2568 et
409 2520 463 2572 rina
473 2520 589 2583 liquentis
599 2515 708 2574 fundum.

92 2583 179 2640 Dixin
201 2599 303 2645 eumque
312 2585 366 2634 imis
373 2587 414 2641 sub
427 2588 534 2638 fluetibus
542 2590 617 2644 audiit
626 2593 704 2640 onmis

90 2649 225 2714 Nereidum
238 2652 371 2715 Phorcique
381 2653 475 2715 chorus,
485 2657 728 2720 Panopeaquerirgo3
764 2695 768 2702 .
782 2695 785 2702 .
