1818 2914
182 69 435 138 AENEIDOS
468 69 555 116 Ll-e.
585 68 626 117 Vl.
660 83 717 132 493.
773 79 839 132 197.

82 167 215 230 augum,
234 167 342 226 inceptus
354 163 442 212 clamor
454 161 578 212 frustratur
589 162 689 214 hiantes.

14 279 16 286 ,
115 239 201 296 Atque
213 232 253 282 blc
265 231 398 280 Pn'amiden
411 230 525 278 laniatum
538 245 635 292 corpore
645 241 700 282 toto

80 301 237 363 Deiphobum
249 299 316 356 vidit,
330 297 431 347 lacerum
444 295 567 350 cnudeliter
577 314 627 356 ora,

81 371 130 420 Ora
141 367 270 428 manusque
278 367 373 422 ‘ambae
385 363 545 426 populataque
556 374 664 426 tempora
676 361 750 428 ‘raptis
763 369 767 374 ’

81 435 197 492 Auribus,
209 443 232 483 et
244 443 339 482 truncas
350 430 474 492 inhonesto
486 428 581 480 uulnere
592 449 666 482 nares.

80 501 126 550 Vix
135 502 193 550 adeo
202 500 298 562 agnovit
308 499 466 560 pavitantem,
478 507 502 546 et
511 498 562 546 dira
572 508 692 560 tegentem

80 566 210 629 Supplicia3
230 577 254 615 et
264 567 328 616 notis
339 563 468 626 compellat
478 565 573 612 vocibus
584 564 646 614 ultro
657 583 664 615 x

77 633 205 695 Deiphobe
216 633 371 693 armipotens,
384 648 458 696 genus¹
467 628 518 680 alto
529 631 662 693 isanguiue
670 633 770 692 Teucri,

80 701 139 765 Qis
150 710 203 749 tam
210 695 312 748 crudeles
320 701 413 759 optavit
424 698 513 746 sumere
523 698 625 758 poenas?

78 767 124 818 eui
134 776 231 814 tantum
243 767 271 812 de
281 774 306 813 te
317 763 382 813 licuit
389 764 398 812 i
405 813 408 815 ,
415 765 477 812 mihi
487 767 552 812 fama
563 765 670 826 suprema

76 835 156 880 Notle
167 831 233 890 tulit,
245 827 327 880 sellum
338 830 401 880 vasta
411 843 436 880 te
447 833 517 880 caede
529 829 653 892 Pelasgiam

77 895 226 948 Procubuitle
237 898 303 960 super
311 898 420 947 oonfusae
429 896 509 958 stragis
519 913 635 946 acervum.

74 967 147 1014 Tunc
157 976 251 1027 egomet
263 963 383 1014 tumulum
394 964 503 1012 Rhoeteo
514 964 538 1010 in
551 963 619 1012 litore
630 966 726 1016 inanem
739 963 741 970 '

78 1030 205 1091 Constitui,
216 1041 240 1082 et
250 1048 338 1092 magna
347 1034 431 1080 Manes
438 1038 479 1079 'ter
489 1046 545 1078 voce
557 1032 645 1080 vocavi.

75 1101 174 1147 Nomen
186 1109 210 1147 ct
220 1115 287 1148 arma
298 1095 377 1146 locum
387 1097 486 1147 servant.
504 1098 550 1156 Te,
561 1099 643 1158 amice,
656 1100 752 1163 nequivi
795 1101 800 1108 '

74 1163 225 1224 Conspicere,
237 1175 260 1214 et
271 1164 348 1226 patria
360 1166 472 1214 decedens
481 1181 567 1226 ponere
575 1176 645 1216 terra.

76 1235 163 1292 Atque
174 1229 214 1280 hlc
227 1233 369 1280 Priamides:
390 1231 466 1290 Nihil,
480 1229 559 1292 tubi,
572 1234 656 1292 amice,
668 1232 789 1284 relitlum:

74 1297 164 1345 Omnia
176 1298 305 1360 Deiphobo
317 1297 410 1356 solvisti,
423 1309 447 1347 et
459 1299 546 1347 funeris
555 1302 652 1350 umbris.

74 1365 122 1412 Sed
131 1379 168 1412 mc
178 1367 228 1413 fata
238 1381 299 1421 mea,
310 1375 334 1413 ct
346 1365 417 1412 scelus
428 1365 523 1414 exitiale
532 1370 655 1417 Lacaenae

73 1429 121 1479 His
131 1431 226 1478 meusere
237 1430 319 1476 malis:
338 1430 379 1476 illa
390 1431 447 1478 haec
456 1443 612 1480 monumenta
623 1431 726 1498 reliquit.

71 1497 198 1555 Namque,
210 1503 238 1542 ut
248 1494 379 1550 supremam
391 1493 447 1541 falsa
457 1496 519 1542 inter
527 1498 609 1554 gaudia
619 1503 712 1548 notlem

71 1561 210 1622 Egerimus,
223 1554 298 1614 ubsti3
317 1569 341 1606 et
353 1559 453 1605 nimium
462 1558 591 1608 meminisse
599 1562 684 1612 necelle
695 1565 735 1614 etl.

71 1631 139 1676 Cum
151 1623 233 1686 fatalis
244 1639 319 1684 equus
329 1622 388 1672 saltu
400 1625 467 1684 super
477 1627 549 1673 ardua
561 1629 624 1677 venit

72 1687 200 1755 Pergama,
212 1701 236 1740 et
248 1700 368 1740 armatum
376 1691 479 1752 peditem
492 1693 568 1753 gravis
578 1695 660 1746 attulit
671 1695 732 1748 aluo.
760 1699 762 1704 '

71 1757 118 1808 tlla
128 1760 227 1808 chorum
240 1755 360 1816 fimulans,
372 1761 477 1808 Evantes
488 1760 559 1822 Orgia
570 1761 656 1812 circum

69 1828 184 1875 Ducebat
194 1826 322 1887 Phrygias:
342 1825 463 1874 flammam
472 1829 549 1876 media
561 1829 609 1892 ipsa
618 1833 716 1883 tenebat

70 1895 207 1954 Ingentem,
219 1901 243 1940 ct
254 1893 346 1940 summa
356 1894 455 1944 Danaos
465 1911 495 1942 cx
507 1912 559 1944 arce
570 1900 678 1949 vocabat.

11 2013 25 2028 .
68 1961 137 2007 Tum
148 1975 195 2016 me,
207 1961 338 2006 constitum
349 1961 417 2018 curis,
428 1961 556 2026 somnoque
569 1976 701 2025 gravatum,

69 2023 160 2074 Infelix
172 2025 255 2074 habult
263 2023 390 2083 thalamus,
403 2027 529 2088 preffitque
537 2029 656 2090 jacentem

67 2089 156 2140 Dulcis
168 2101 191 2140 et
201 2089 250 2140 alta
257 2093 330 2153 quies,
343 2090 494 2153 placidaeque
503 2093 621 2144 simillima
630 2097 710 2144 morti.
723 2119 727 2124 ·

67 2158 170 2219 Egregia
182 2158 270 2206 interea
282 2159 369 2220 conjux
380 2173 445 2208 arma
457 2160 538 2208 omnia
549 2161 618 2209 testis

66 2227 182 2283 Emona,
194 2235 217 2273 et
229 2223 304 2273 lidum
315 2223 388 2285 capiti
399 2225 541 2274 subduxerat
552 2225 643 2276 ensem:

68 2294 138 2340 Intra
150 2293 212 2340 tctla
222 2301 291 2339 coeat
301 2289 447 2350 Menelaum,
458 2302 484 2339 et
495 2291 579 2344 limina
589 2297 681 2356 pandit.

65 2355 165 2406 Scilicet
175 2357 199 2406 id
211 2373 324 2418 magnum
336 2358 488 2418 speranslore
497 2367 582 2408 munus
592 2366 693 2424 amanti,

64 2426 101 2472 Et
114 2424 205 2490 famam
216 2422 332 2485 exstingui
343 2433 449 2474 veterum
461 2424 491 2472 fic
502 2423 564 2486 polle
574 2429 700 2480 malonem.

63 2490 134 2555 Qu
144 2489 237 2544 morou?
256 2489 391 2552 irrumpunt
402 2489 523 2607 mulgeo:
542 2510 621 2546 comes
631 2499 726 2548 additur
734 2492 783 2548 uni

61 2561 186 2606 Hortator
196 2554 306 2606 sceletum
317 2557 437 2607 Aeolides.
483 2557 502 2618 i,
516 2557 572 2610 talia
582 2563 663 2613 Graiis

61 2621 208 2682 Instaurate,
221 2623 261 2682 pio
272 2621 288 2676 su
300 2641 389 2685 poenas
399 2641 438 2674 ore
450 2625 552 2688 reposco.

60 2691 110 2742 eeu
121 2699 147 2740 te
160 2689 203 2754 qui
213 2692 294 2742 uiuum
304 2689 377 2754 casus,
386 2709 431 2755 ¹age
442 2696 492 2742 fate
503 2693 609 2755 uicillim,
