1814 2910
170 87 622 140 nurtutuosttu..1tt.
672 101 731 153 549.
779 100 830 152 139

92 197 182 246 Cornua
193 187 323 238 velatarum
334 189 478 237 obvertimus
489 197 659 250 antennarum,

70 267 80 280 ²
92 255 298 323 Grajugeuquue
308 257 402 314 domos,
415 253 563 317 suspeilaqrie
574 255 707 319 linquimus
717 271 781 306 atta.

91 329 152 379 Hinc
164 325 226 373 srnus
237 320 354 380 Herculei,
367 320 383 369 fi
396 337 448 370 vera
459 321 491 368 eil
502 321 577 381 famag
590 324 693 373 Tarenti

93 393 214 444 Cernitur:
233 387 324 438 attollit
336 389 358 436 se
368 389 433 436 Diva
442 389 540 438 Lacinia
551 401 644 449 contra,
672 409 680 416 ·

93 457 247 518 Caulonisque
258 469 331 516 arces,
343 465 368 503 et
380 455 528 516 navifragum
541 455 701 518 Scylacaeum.
744 501 751 510 ,

93 527 156 575 'lum
167 521 250 586 procul
261 523 274 568 ὸ
286 523 357 576 llustu
367 521 493 570 Trinacria
503 523 606 572 cernitur
614 527 713 583 Aetna;

93 595 127 642 Et
137 591 250 652 gemitum
259 589 380 649 ingentem
392 587 478 649 pelagi,
487 587 628 651 pulsataque
638 591 694 639 brea

93 659 213 709 Audimus
224 654 303 714 longe,
315 655 444 716 intusque
455 657 485 704 ad
497 653 567 704 litora
576 673 656 706 uoces:
675 669 678 673 '

93 722 270 782 Exsultantquc
280 721 348 780 vida,
357 731 430 782 atque
441 719 504 769 aestu
516 722 641 772 miscentur
652 737 757 772 arnonae.

95 794 129 840 Et
141 799 210 850 pater
220 785 350 836 Anchises:
371 787 490 836 Nimirum
503 787 560 837 haec
573 788 613 838 illa
623 790 770 851 Charybdis:

43 851 47 856 ¹
94 861 147 906 llos
157 853 259 903 Helenus
268 851 383 916 scopulos,
395 853 453 903 haec
464 855 519 902 saxa
531 853 647 904 horrenda
658 859 772 905 canebatt

95 923 195 984 Eripite,
208 919 297 979 isacii,
310 921 445 981 pariterque
456 921 567 982 insurgite
578 921 655 970 remis.

95 991 166 1040 Haud
178 987 256 1036 minus
266 1003 294 1034 ac
303 985 356 1050 julli
368 987 469 1044 iaciunt,
481 988 615 1050 primusque
626 990 750 1038 rudentem

96 1053 217 1104 Contorsrt
229 1052 307 1102 laeuas
318 1067 413 1113 proram
425 1051 550 1102 Palinurus
560 1057 591 1102 ad
602 1056 685 1102 undas.

94 1125 201 1170 Laevam
212 1121 295 1168 cundia
305 1120 388 1170 cohors
400 1120 470 1168 remis
481 1120 603 1182 ventisque
614 1122 708 1181 petivit.

94 1185 215 1237 Tollimur
225 1187 250 1234 in
261 1184 352 1234 coelum
364 1197 462 1236 curvam
472 1187 572 1250 gurgite,
585 1197 609 1236 et
621 1189 693 1236 iidem
761 1241 763 1244 ¹

99 1255 216 1302 subdusia
227 1255 258 1300 ad
269 1252 354 1302 Manes
365 1253 426 1303 imos
434 1255 594 1303 descendimus
604 1257 683 1304 unda:

97 1321 147 1369 Ter
158 1318 245 1382 scopuli
255 1317 384 1369 ‘clamorem
396 1321 459 1370 inter
469 1338 527 1370 cava
538 1321 592 1370 saxa
604 1321 700 1381 deddree

95 1387 121 1436 T
123 1403 146 1434 er
157 1387 264 1448 spumam
270 1385 355 1434 -eltlern
367 1395 392 1434 et
404 1389 508 1436 rorantia
520 1387 620 1436 vidimus
632 1389 701 1438 astra.

131 1455 224 1498 luterea
235 1448 303 1498 telios
313 1461 398 1498 tentus
409 1467 463 1498 cum
475 1451 528 1500 Sole
540 1453 648 1513 reliquit3

96 1515 227 1578 ignarique
238 1515 298 1570 riae,
311 1514 443 1574 Cyclopum
455 1515 579 1564 allabimur
590 1520 644 1566 oris.

95 1587 186 1634 Portus
196 1582 226 1640 ab
237 1576 326 1626 accessu
337 1591 460 1628 ventorum
474 1581 597 1640 immotus,
609 1593 633 1632 et
645 1585 728 1644 ingens

96 1649 164 1710 lpse;
184 1647 225 1694 sed
236 1643 429 1708 horrificisjuxta
439 1655 510 1694 tonat
520 1650 601 1696 Aetna
613 1650 697 1706 ruinise
765 1675 767 1680 .

94 1715 270 1773 Interdumque
278 1719 355 1760 atram
364 1713 499 1774 prorumpit
508 1714 538 1760 ad
548 1713 642 1764 aethera
651 1719 749 1778 nubem,

95 1781 206 1830 Turbine
218 1782 351 1827 fumantem
365 1779 440 1840 piceo,
454 1794 478 1828 et
489 1782 604 1831 candente
614 1782 708 1842 favilla3

95 1846 249 1906 Attollitque
261 1843 344 1906 globos
355 1846 512 1912 flammarum,
524 1857 548 1896 ct
558 1847 629 1898 sidera
641 1849 740 1900 lambit:

98 1915 222 1962 Interdum
234 1910 348 1972 scopulos,
360 1911 484 1976 avulsarque
496 1912 580 1965 viscera
592 1918 683 1967 montis

97 1979 176 2040 Erigit
188 1980 301 2042 erudiens,
315 1977 489 2040 liquesasiaque
499 1980 554 2030 saxa
565 1983 606 2031 sub
619 1999 687 2033 auras

96 2049 162 2094 Cum
172 2045 260 2106 gemitu
272 2042 399 2103 glomerate
419 2047 541 2106 fundoque
552 2049 672 2098 exaestuat
683 2051 741 2099 imo.

96 2115 174 2160 Fama
185 2108 225 2168 esi,
239 2107 352 2158 Enceladi
363 2109 488 2157 semustum
500 2107 600 2160 fulmine
611 2127 696 2174 corpus

96 2178 184 2238 Urgeri
193 2175 316 2233 michae,
328 2176 496 2236 ingentemque
508 2177 601 2237 insuper
609 2185 717 2228 Aetnam

97 2242 247 2304 impolitam,
261 2243 336 2302 ruptis
346 2245 466 2289 hammam
476 2243 592 2304 exspirare
603 2247 715 2296 caminis:

94 2311 140 2366 Et,
154 2306 236 2356 sellum
248 2309 343 2369 quoties
352 2317 431 2362 mutat
444 2306 514 2367 latus,
527 2311 652 2360 intremere
662 2321 760 2364 omnem

95 2377 223 2424 Murmure
230 2373 389 2432 Trinacriam,
402 2383 426 2423 et
438 2372 528 2423 eoelum
541 2377 662 2428 subtexere
673 2383 748 2431 sumo.

94 2441 200 2490 Noduem
212 2437 278 2487 iilam
288 2439 343 2488 tedii
355 2439 424 2501 sylvis
435 2441 549 2491 immania
559 2443 664 2494 monstra
734 2475 737 2478 -

38 2517 41 2522 '
93 2506 250 2564 Perferimus,
262 2521 314 2564 nec,
327 2523 387 2567 quae
398 2506 500 2556 sonitum
512 2511 552 2558 det
563 2509 647 2572 canili,
659 2513 775 2562 videmus.

94 2574 166 2620 Nam
177 2587 254 2633 neque
264 2583 332 2621 erant
344 2572 456 2622 astrorum
469 2575 543 2636 ignes,
556 2591 598 2627 noc
609 2577 699 2628 lucidum
710 2580 794 2630 aethra
808 2583 821 2601 ⁴

95 2636 194 2685 Siderea
206 2635 282 2698 polus,
293 2638 390 2688 obscuro
399 2640 436 2690 sed
446 2637 528 2690 nubila
538 2641 613 2705 coelo,

94 2704 133 2752 Et
142 2703 241 2752 Lunam
252 2707 276 2754 in
288 2705 372 2756 nimbo
382 2721 433 2759 near
442 2707 583 2772 intempesta
594 2711 701 2762 tenebat.
