1818 2914
79 2 126 50 162
183 1 436 56 AENEID'U'S
469 9 557 56 ΗΒ.
586 7 617 56 V.
669 20 693 70 7.

77 97 155 146 Triste
166 115 208 160 per
220 103 341 162 augurium
354 105 498 150 Teucrorum
510 104 605 163 pectora
616 106 713 154 danne.

111 169 147 213 Ut
159 165 255 228 pelagus
265 167 361 216 tenuere
371 177 440 223 rates,
453 169 554 230 neejam
567 169 669 230 amplius
679 169 727 220 ulla

77 233 187 280 Occurrit
199 232 281 292 tellum
300 233 373 282 maria
383 233 498 293 undique,
510 244 534 282 et
546 236 649 296 undiqtae
660 233 767 286 coelum:

77 295 128 346 Olli
139 297 255 356 caeruleus
265 299 332 358 supra
343 311 414 359 caput
425 299 501 348 astitit
512 301 595 360 imber,

77 367 178 412 Noctem
191 365 332 426 hymemque
343 367 429 423 serens,
440 377 464 413 et
473 365 590 414 inhorruit
602 369 665 416 unda
676 369 794 418 tenebris„

77 431 129 490 ipse
140 432 279 491 gubernator
289 431 365 490 puppi
377 429 500 480 Palinurus
511 434 541 480 ab
553 431 611 492 alta,

75 497 140 544 Heu!
160 495 271 556 quianam
283 497 346 544 tanti
358 497 484 546 cinxerunt
495 499 590 546 aethera
601 499 692 548 nimbi?

103 563 177 618 uidve,
190 569 257 620 pater
267 566 389 623 Neptune,
402 563 484 624 paras?
503 562 532 611 fic
544 565 628 614 deinde
639 565 741 622 locutus,

75 631 110 675 Co
131 627 188 686 'gere
200 643 266 673 arma
275 627 352 690 jubet,
365 629 492 690 validisque
504 630 638 683 incumbere
649 631 732 689 remise

74 691 236 754 obliquatque
249 693 310 742 sinin
322 695 346 742 in
359 707 467 754 ventum,
481 712 507 744 ac
519 695 578 746 talia
588 701 667 745 fatur:

73 759 229 818 Magnanime
240 763 331 819 Aenea,
345 779 403 821 non,
417 761 433 810 si
446 763 505 810 mihi
516 764 609 826 Jupiter
620 765 700 810 auctor

73 827 203 884 Spondeut,
215 825 262 875 hoc
272 829 362 889 sperem
373 827 467 878 ltaliam
478 829 612 888 contingere
622 827 696 876 coelo.

72 892 165 940 Mutati
177 893 306 942 transversa
315 898 430 953 fremunt,
443 906 466 944 et
477 895 568 954 vespere
578 895 608 940 ab
619 904 672 942 atro

74 959 226 1020 Consurgunt
237 963 312 1020 venti,
324 973 396 1023 atque
408 962 434 1009 in
445 964 531 1009 nubem
544 961 633 1022 cogitur
644 963 690 1010 a'c'r.
754 1009 758 1014 ,

73 1027 125 1072 Nec
137 1043 181 1073 nos
192 1027 269 1074 obniti
281 1038 372 1085 comm,
385 1043 428 1076 nec
440 1029 640 1075 tenderatantnm

74 1089 213 1140 sufficimus.
233 1097 332 1152 Superat
343 1093 456 1152 quoniam
469 1094 573 1149 fortuna,
587 1094 729 1154 sequamur:

74 1157 178 1221 Quoque
189 1169 266 1215 vocat,
279 1168 397 1208 vertamus
409 1159 467 1204 iter:
486 1173 529 1204 nec
541 1157 611 1205 litora
622 1158 692 1219 longe

73 1225 133 1271 Fida
144 1240 196 1272 reor
205 1225 308 1270 frateina
318 1223 406 1282 Etycis,
420 1221 547 1282 portusque
559 1223 668 1281 Sicanos;

74 1289 99 1338 Si
110 1291 182 1336 modo
193 1290 237 1336 rite
249 1305 339 1336 memor
351 1287 440 1336 servata
451 1287 561 1338 remetior
574 1287 641 1336 astra.

73 1357 138 1402 Tum
151 1355 202 1414 pius
213 1357 321 1402 Aeneas:
343 1353 459 1415 Equidem
473 1353 502 1401 src
513 1354 605 1418 poscere
616 1363 705 1402 ventos,

50 1423 53 1428 ’
73 1421 227 1484 jamdudum,
240 1430 265 1468 et
276 1419 360 1468 frustra
371 1431 477 1480 cernote
488 1423 582 1470 tendere
594 1429 685 1469 contra.
761 1483 765 1486 -

73 1485 151 1534 uicere
162 1487 224 1535 riam
237 1486 302 1535 veiis.
320 1491 364 1534 An
376 1485 404 1534 fit
417 1487 476 1535 mihi
488 1488 576 1546 gratior
587 1485 645 1545 uda,

75 1552 178 1621 Qoque
189 1555 264 1615 magis
275 1551 343 1601 fessas
351 1537 432 1614 mitem
445 1553 565 1601 dimittere
577 1569 656 1611 naves,

76 1621 155 1685 Quaem
168 1635 227 1682 quae
236 1621 384 1668 Dardanium
396 1618 537 1678 teliusmihi
549 1619 621 1668 servat
634 1617 749 1677 Acesten,

73 1687 108 1735 Et
121 1689 195 1747 patris
207 1687 325 1736 Anchisae
336 1687 424 1746 gremio
435 1683 598 1744 compiesiitur
608 1681 670 1732 ossa?

74 1756 140 1802 Haec
152 1753 192 1800 ubi
203 1753 273 1809 dieta,
286 1762 372 1812 petunt
384 1763 481 1811 portum
497 1759 521 1797 et
531 1748 580 1796 vcia
590 1749 683 1796 secundi

76 1821 206 1875 lutendunt
219 1818 329 1877 Zephyri.
349 1820 430 1864 Fertur
442 1817 487 1863 cita
497 1815 587 1874 gurgite
598 1813 688 1864 claffis:

76 1887 109 1936 Et
121 1887 216 1934 tandem
230 1882 285 1931 laeti
296 1894 367 1930 notae
376 1883 530 1930 advertuntur
541 1897 633 1928 arenae.

76 1955 115 2000 At
128 1949 208 2013 promti
219 1947 308 1997 excelso
317 1943 416 1996 miratus¹
426 1947 513 1996 vertice
524 1947 616 1995 montis

77 2021 227 2075 rid-rentum,
240 2017 356 2077 sociasque
367 2025 429 2064 rates
439 2015 538 2066 occurrit
549 2012 654 2073 Acestes,

77 2085 193 2132 Horridus
205 2084 229 2131 in
238 2081 321 2146 jaculis
332 2091 355 2131 et
367 2080 427 2142 pelle
439 2079 567 2141 Libystidis
579 2081 654 2130 ursae:

77 2151 152 2200 Troia
163 2150 253 2198 Criniso
264 2159 404 2211 conceptum
417 2149 512 2195 flumine
522 2158 598 2194 mater
776 2207 779 2212 Ι

79 2217 157 2280 Qem
169 2215 257 2276 genuit.
277 2220 387 2264 Veterum
399 2229 448 2262 uon
460 2213 586 2262 immemor
596 2209 635 2260 ille
645 2221 785 2275 parentum,

79 2285 195 2329 Gratatur
204 2284 308 2339 reduces,
321 2293 344 2330 et
356 2298 413 2344 gaza
424 2278 498 2328 laetus
509 2277 591 2341 agresti

77 2347 185 2405 Excipit,
197 2364 224 2394 ac
236 2345 304 2396 sessos
314 2350 398 2408 opibus
407 2345 495 2396 solatur
505 2345 593 2396 amicis.

112 2410 206 2458 Postera
216 2414 272 2460 ciun
284 2415 361 2474 primo
371 2411 556 2462 stellasOriente
566 2407 661 2474 fugitat

79 2473 148 2522 Clara
160 2477 218 2533 dies,
230 2478 303 2527 socios
315 2482 340 2528 in
351 2489 445 2529 coetum
456 2478 525 2528 litore
536 2481 565 2528 ab
577 2479 644 2526 omni

78 2542 191 2587 Advocat
201 2545 305 2602 Aeneas,
316 2545 450 2608 tumulique
461 2562 491 2594 ex
503 2562 584 2607 aggere
595 2547 673 2593 fatur:

78 2602 230 2656 Dardanidae
242 2611 332 2683 magni,
344 2628 417 2674 genus
428 2611 478 2662 altu
490 2612 504 2664 ὲ
515 2611 625 2675 sanguine
637 2605 751 2674 Divum,
861 2621 864 2628 ’
