1804 2904
174 93 182 100 -
259 67 487 120 t-ctoon
524 72 647 129 X.17.

87 175 135 223 Nee
148 182 172 222 tc
182 173 304 234 poeniteat
315 172 414 234 pecoris,
427 171 506 220 divine
518 173 603 232 poitay
642 169 644 172 ’

86 243 119 290 Et
130 239 245 289 formosus
255 255 310 288 oves
323 242 353 287 ad
365 241 462 286 flumina
474 239 541 299 pavit
550 237 653 285 Adonis.

83 309 156 359 Venit
167 317 191 356 et
203 305 292 368 upilio;
310 308 373 354 tardi
386 319 468 352 venere
478 302 591 362 bubulci3

88 376 176 424 Usidus
188 375 288 422 hiberna
298 374 364 420 venit
375 391 383 419 ι
383 375 404 420 e
417 370 500 433 glande
510 341 641 420 Menalcas

86 446 184 500 Omnes,
196 443 259 488 unde
268 456 337 489 amor
348 437 399 496 rste
411 447 503 500 rogant,
514 437 574 488 tibi?
593 439 659 487 venit
667 435 776 499 Apollo:

83 507 165 568 Galle,
178 509 237 570 quid
247 504 350 556 insanis?
368 506 462 567 inquit:
481 515 522 554 tua
533 522 588 555 cura
600 506 710 567 Lycoris,

85 579 178 638 Perque
189 575 253 623 nives
265 573 347 634 alium,
360 589 450 634 perque
461 572 555 622 horrida
563 573 637 622 calita
648 573 726 622 secuta
737 570 779 620 ell.

85 644 157 692 Venit
166 651 190 691 et
202 641 285 703 agresti
296 641 380 702 eapitis
390 639 500 688 Silvanus
508 638 607 698 honore,

85 709 209 758 Florentes
218 705 302 756 ferulas
310 717 336 756 et
347 707 446 770 grandia
457 705 506 755 lilia
518 705 632 768 quailans.

86 779 141 824 Pan
153 777 208 823 deus
217 775 332 824 Arcadiae
342 775 422 824 venit:
442 791 514 836 quem
525 775 627 824 vidimus
638 773 682 836 ipsi

85 841 223 903 Sanguineis
234 840 296 890 ebuli
307 841 382 894 baccis
391 843 513 904 minioque
525 844 658 890 rubentem.

86 909 174 972 Ecquis
186 909 230 957 erit
237 908 337 957 modus?
355 909 448 970 inquity
467 925 538 957 arnor
546 925 596 958 noa
608 907 666 957 talia
676 919 750 960 curat.

85 979 136 1026 Nec
147 974 257 1038 lacrymis
265 972 454 1032 crudelisamor,
467 989 510 1021 nec
521 975 627 1034 gramina
638 977 702 1035 rivis,

85 1045 137 1094 Nec
147 1041 221 1105 cytiso
232 1043 369 1090 saturantur
379 1055 444 1102 apes
458 1055 501 1090 nee
512 1041 597 1089 honde
607 1040 717 1103 capellae
890 1073 891 1098 3

84 1109 168 1159 Tnstrs
177 1107 264 1158 atille
283 1111 379 1157 Tamen
390 1107 527 1168 cantabitis
540 1108 657 1167 Arcades,
670 1109 759 1172 inquit,
852 1155 855 1162 .

84 1177 213 1226 Montibus
223 1173 382 1233 haocvestrrs
401 1173 444 1223 soll
455 1185 550 1224 cantare
562 1175 633 1236 penti
811 1192 812 1196 ¹
890 1193 891 1206 ι

83 1245 198 1292 Arcades.
219 1246 241 1291 0
253 1241 314 1291 mihi
326 1251 379 1291 turn
391 1258 465 1304 quarn
478 1241 582 1291 molliter
592 1237 641 1292 olla
653 1241 784 1306 quicstant,

84 1309 166 1360 veih-a
177 1326 242 1358 meos
252 1307 312 1358 olim
324 1307 341 1356 fi
353 1306 429 1358 fistula
438 1309 504 1358 dicat
515 1310 618 1360 amores!

82 1381 170 1440 Atque
181 1377 275 1426 utinam
287 1391 317 1424 ex
327 1377 394 1424 vobis
405 1391 475 1436 unus,
487 1375 603 1439 vestrique
614 1373 706 1426 fuissem

82 1447 139 1494 Aut
151 1443 227 1501 custos
239 1444 323 1505 gregis,
336 1442 377 1492 aut
388 1453 496 1492 maturae
506 1444 595 1493 vinitor
605 1445 674 1492 urae!
763 1485 767 1490 ,

81 1515 156 1560 Certe
168 1497 214 1558 live
225 1511 285 1557 mihi
297 1510 397 1568 Phyllis,
409 1509 454 1558 five
466 1507 522 1558 elset
531 1515 664 1570 Amyntas,

11 1577 12 1584 ’
79 1581 131 1626 Seu
144 1591 289 1636 quicumque
298 1578 377 1631 furor
398 1577 469 1635 (quid
479 1587 543 1632 tum
556 1575 661 1622 friuscus
670 1576 805 1638 Amyntas?
890 1629 891 1636 ἵ

79 1647 118 1692 Et
133 1642 214 1701 nigrae
226 1637 301 1686 violae
312 1639 375 1696 sunt,
388 1648 412 1686 et
424 1640 529 1686 vaccinia
539 1641 618 1700 nigra)
714 1697 715 1705 ἵ

79 1713 183 1758 Mecum
196 1707 261 1753 inter
271 1703 350 1754 salices
361 1703 425 1754 lenta
437 1703 479 1752 sub
491 1704 539 1753 vite
546 1705 649 1768 jaceret.
704 1743 708 1748 -

82 1782 154 1826 Serta
164 1772 224 1820 mihi
237 1769 330 1833 Phyllis
341 1769 435 1834 legeret,
449 1781 556 1822 cantaret
568 1777 700 1835 Amyntas.
762 1763 772 1773 ’

80 1840 134 1890 Hic
144 1838 214 1902 gelidi
227 1839 314 1898 fontes,
326 1839 368 1888 hic
378 1837 461 1888 mollia
472 1849 550 1901 prata,
562 1843 666 1903 Lycori:

80 1907 132 1957 Hic
144 1921 240 1956 nemus:
259 1905 301 1954 hlc
312 1907 362 1967 ipso
371 1917 450 1957 tecum
462 1907 610 1958 consumerer
621 1927 686 1961 aevo.

80 1979 156 2022 Nunc
167 1974 261 2021 insanus
270 1989 337 2021 amor
349 1975 400 2022 duri
413 1990 451 2022 me
463 1976 551 2024 Martis
563 1977 587 2022 in
599 1979 680 2036 armis,

80 2039 143 2088 Tela
154 2041 218 2088 inter
230 2039 315 2096 media,
328 2049 400 2100 atque
410 2042 517 2090 adversos
529 2041 620 2090 detinet
632 2043 717 2092 hostes.

77 2109 120 2157 Τιι
133 2104 218 2169 procul
230 2105 244 2154 a
255 2106 333 2166 patria
346 2107 400 2168 (nec
413 2107 442 2154 srt
455 2107 629 2168 mihicredere)
642 2118 740 2158 tantuna

79 2173 198 2236 Alpinas,
211 2173 242 2221 ah
253 2173 323 2222 dura!
343 2174 409 2222 niues
419 2182 443 2222 et
456 2173 542 2234 frigora
555 2174 635 2222 Rheni

76 2245 122 2290 Me
135 2240 184 2288 fine
195 2239 243 2288 sola
254 2241 325 2289 vides.
345 2240 389 2288 Ah
401 2250 425 2288 te
436 2256 466 2288 ne
477 2241 565 2302 frigora
575 2241 682 2292 laedant!

77 2308 124 2357 Ah
138 2307 184 2356 tibi
195 2323 225 2354 ne
237 2317 328 2356 teneras
340 2306 424 2369 glacies
434 2307 493 2356 secet
505 2309 585 2369 aspera
596 2307 702 2370 plantas!

78 2379 133 2434 lbo,
147 2384 172 2422 et
185 2372 321 2422 Chalcidico
332 2391 393 2436 quae
404 2373 457 2423 sunt
469 2374 529 2422 mihi
541 2376 638 2424 condita
650 2379 713 2427 versu

79 2444 206 2499 Carmina,
218 2439 314 2500 pastoris
327 2440 398 2490 Siculi
410 2440 551 2490 modulabor
562 2459 643 2492 avena.

78 2511 181 2556 Cernrm
193 2505 226 2554 est
234 2507 263 2552 in
275 2505 345 2567 silvis,
357 2509 419 2557 inter
429 2507 520 2570 spelaea
531 2511 643 2570 feranrm,

76 2573 156 2622 Malle
168 2572 230 2635 pati,
243 2574 373 2636 tenerisque
385 2591 450 2624 meos
462 2575 563 2624 incidere
574 2593 667 2626 amores

76 2642 231 2688 Arboribus:
251 2639 352 2690 crescent
362 2641 431 2690 illae:
451 2643 556 2691 crescatis
567 2659 667 2691 amores.

76 2709 173 2756 Interea
185 2707 267 2758 mixtis
279 2705 381 2758 lustrabo
390 2708 504 2760 Maenala
515 2709 643 2772 nymphis;
