1806 2912
143 19 401 108 *mansuros
435 53 595 100 Linxr.
642 49 699 112 867.
755 63 800 113 315
892 53 893 58 ’

892 173 893 216 l

56 159 120 222 Opis
129 161 161 208 ad
167 155 297 208 aetherium
309 153 394 216 pennis
405 153 509 202 aufertur
519 150 658 213 Olympum.

93 227 177 274 Prima
186 224 258 284 sngst,
270 221 368 270 domina
378 215 468 278 amissa,
481 217 538 267 levis
549 217 586 267 ala
597 215 725 266 Camillae:
782 265 786 270 ,

59 292 167 346 Turbati
178 291 272 352 fugiunt
285 285 384 336 Rutuli:
404 287 465 346 fugit
477 301 529 333 acer
537 287 642 333 Atinas:

60 357 209 420 Disjecrtqne
220 358 298 414 duces,
310 351 453 414 desolatique
464 350 567 413 manipli

63 426 132 472 Tuta
144 432 239 484 petunt,
251 432 275 470 et
286 421 352 482 equis
361 419 431 468 aversi
439 419 469 476 ²,d
480 418 574 466 moenia
585 418 696 467 tendunt.

64 493 118 538 Nec
129 486 252 551 quiffiuarn
263 486 486 547 instantesTeucros
496 483 636 546 lethumque
644 485 746 532 serentes

64 553 199 604 Sustentare
210 554 273 602 valet
284 551 346 610 telis,
358 561 400 600 aut
411 550 486 599 sistere
495 561 589 610 contra3

10 651 11 656 =
63 623 112 670 Sed
123 619 189 668 laxos
198 623 302 670 referunt
312 619 416 666 humeris
427 616 592 678 languentibus
602 632 679 676 arcus3

66 689 300 752 Quadrupedumque
312 695 406 747 putrem
415 681 480 734 cursu
489 684 568 745 quatit
575 683 663 745 ungula
674 697 794 746 campum.
892 711 893 718 κ

64 753 176 802 Volvitur
185 755 215 800 ad
227 767 306 800 muros
317 750 414 812 caligine
423 751 531 800 turbidus
538 759 596 798 atra·

65 818 161 876 Pulvis3
181 827 206 866 et
218 819 229 865 ὲ
241 816 336 878 speculis
347 815 462 879 percussae
472 818 567 878 pettora
576 825 663 866 matres

65 886 206 934 Femineum
216 881 341 932 clamorem
349 883 383 932 ad
391 883 449 931 coeli
460 882 532 931 sidera
543 882 641 932 tollunt.

67 952 116 1017 Qi
126 951 285 1012 cursu'portas
295 951 366 1012 primi
376 949 479 1010 irrupsre·
490 952 608 1011 patentes,
642 969 645 971 ’
711 964 714 976 ·

66 1021 119 1067 Hos
129 1017 226 1066 inimica
236 1018 304 1078 super
315 1016 383 1064 misto
392 1016 479 1076 premit
490 1017 584 1077 agmine
593 1017 676 1068 turba:

10 1119 11 1128 ,
65 1087 120 1132 Nec
128 1085 234 1134 miseram
246 1083 361 1144 effugiunt
369 1092 480 1141 mortem,
492 1083 531 1130 sed
540 1082 621 1130 limine
632 1083 657 1129 in
667 1081 726 1142 ipso,
768 1105 772 1109 ·
812 1093 815 1102 ’

10 1167 11 1198 1
65 1150 194 1199 Moenibus
205 1152 230 1199 in
242 1150 334 1212 patriis,
346 1159 419 1210 atque
427 1149 489 1198 inter
498 1159 551 1198 tuta
561 1152 696 1207 domorum,

10 1247 11 1276 q
68 1215 166 1264 Confixi
177 1218 295 1278 exspirant
306 1220 406 1265 animas.
426 1219 485 1266 Pars
492 1215 597 1268 claudere
606 1226 700 1278 portas;
792 1257 793 1260 ,

10 1287 11 1346 j
67 1285 120 1332 Nec
128 1283 195 1332 sociis
205 1285 293 1345 aperire
304 1284 377 1344 viam,
390 1299 433 1332 nec
444 1283 568 1333 moenibus
579 1285 668 1332 audent

68 1350 184 1411 Accipere
195 1361 301 1408 orantem
321 1351 442 1412 oriturque
449 1351 579 1398 miserrima
588 1352 669 1399 caedes
701 1411 703 1415 ,

63 1417 245 1463 Defendentum
254 1417 326 1461 armis
337 1417 423 1472 aditus,
435 1417 507 1475 inque
516 1431 583 1464 arma
593 1423 712 1471 ruentum.

69 1479 165 1530 Exclusi
177 1488 233 1549 aute
244 1478 323 1526 oculos
331 1477 550 1542 lacrymantemque
558 1497 599 1528 ora
608 1492 744 1542 parentum,

66 1550 126 1598 Pars
136 1548 161 1596 in
170 1545 311 1608 praecipites
323 1541 401 1604 fossas,
410 1554 508 1606 urgente
518 1546 595 1605 ruina,

67 1610 191 1662 Volvitur:
209 1609 317 1658 immiffis
328 1625 382 1672 pars
394 1623 461 1658 meca
472 1619 497 1659 et
508 1610 600 1660 concita
611 1609 697 1660 fraenis
782 1664 786 1668 ,

68 1680 166 1728 Arietat
174 1679 200 1726 in
208 1687 300 1738 portas,
311 1685 334 1725 et
344 1677 415 1725 duros
426 1677 500 1740 objice
508 1676 592 1739 polles.
610 1691 615 1700 ‘

10 1793 11 1800 ,
69 1745 134 1808 Ipsae
144 1747 174 1794 de
185 1744 259 1802 muris
268 1744 360 1792 summo
369 1744 499 1793 certamine
509 1754 598 1793 matres

10 1819 11 1852 ἲ
70 1811 202 1876 (Monstrat
211 1827 278 1858 amor
289 1827 357 1858 verus
366 1810 469 1872 patriae)
482 1819 509 1860 ut
520 1811 596 1860 ridere
606 1809 742 1873 Camillam,

10 1889 11 1904 ¹
69 1877 128 1926 Tela
139 1893 213 1926 manu
224 1877 329 1940 trepidae
336 1877 442 1940 jaciunt3
461 1892 489 1925 ac
500 1880 583 1926 robore
595 1880 663 1938 duro3

71 1945 195 2004 stipitibus
202 1947 290 1992 serrum
300 1944 438 2008 sudibusque
449 1944 576 1997 imitantur
586 1944 675 1994 obustis

71 2009 222 2070 Praecipites,
234 2011 370 2070 primaeque
379 2011 439 2058 mori
449 2027 492 2071 pro
500 2012 623 2060 moenibus
632 2014 725 2062 ardent.

10 2067 12 2128 i
71 2078 163 2124 Interea
169 2077 281 2123 Turnum
292 2075 317 2120 in
329 2073 398 2135 sylvis
407 2074 545 2126 saevissimus
557 2076 642 2138 implet
673 2114 678 2122 .

72 2141 188 2200 Nuntius,
198 2150 225 2190 et
233 2141 314 2204 juveni
323 2141 442 2206 ingentem
453 2145 499 2190 lert
508 2146 574 2191 Acca
586 2143 733 2194 tumultum:

73 2207 170 2257 Deletas
178 2206 314 2256 Volscorurn
324 2207 393 2266 acies,
403 2206 506 2257 eccidisse
514 2207 656 2258 Camillam:
678 2247 681 2257 .

72 2278 179 2334 ingruere
187 2273 290 2322 infensos
298 2273 384 2332 hostes,
397 2283 421 2323 et
431 2278 509 2323 Marte
518 2275 618 2326 secundo

73 2340 161 2388 Omnia
171 2338 317 2401 corripuisse:
337 2351 427 2388 metum
437 2341 486 2403 jam
497 2343 528 2390 ad
537 2343 630 2390 moenia
639 2344 702 2405 fenr'.
712 2349 716 2356 '

74 2403 116 2453 Ille
124 2409 202 2454 furens
215 2410 282 2469 (nam
293 2406 431 2472 saeuajovis
439 2405 470 2454 sic
481 2399 578 2456 numina
588 2409 699 2473 poscunt)

72 2472 163 2520 Deserit
169 2471 267 2524 obsessos
279 2471 359 2530 colles,
374 2489 471 2522 nemora
480 2475 558 2534 aspera
570 2473 667 2538 linquit.

73 2537 119 2586 Vin
128 2537 270 2600 &conspectu
281 2540 379 2598 exierat,
391 2555 548 2602 campumque
558 2545 665 2602 tenebat,

10 2653 11 2666 χ
75 2605 136 2651 Ciam
147 2615 215 2665 pater
225 2609 330 2664 Aeneas,
342 2603 413 2654 saltus
425 2605 535 2667 ingressus
546 2618 649 2668 apertos,

10 2677 11 2680 ’
73 2670 247 2736 Exsuperatque
257 2673 349 2736 jugum,
363 2671 473 2735 sylraque
485 2674 563 2724 euadit
574 2689 658 2736 opaca.
