1814 2910
65 39 112 94 126
162 39 415 94 Autumnus
449 45 536 96 Lib.
567 49 611 96 ill.
661 63 704 108 en·

65 146 137 193 Parce
149 139 320 205 piae‘fceierare
331 157 428 194 manue:
447 157 499 194 uon
506 147 549 194 'rue
559 147 605 196 tibi
614 147 692 212 Troia

65 213 200 260 Externum
213 207 282 260 tulit:
302 221 342 260 aut
354 225 421 260 emor
433 211 474 261 hic·
482 215 513 261 de
525 211 602 274 stipite
614 226 707 265 manat.
719 263 721 270 ,

65 281 120 328 Heu
132 280 185 340 iuge
198 277 300 326 crudeles
310 289 392 336 terras,
405 281 460 340 fuge
472 279 527 328 litus
538 293 643 329 avarum.

66 347 133 394 Nam
147 341 278 406 Polydorus
288 359 342 406 ego;
362 343 404 392 lric
416 345 538 395 confixum
550 349 624 394 fenea
633 348 703 396 rexit,

66 411 182 460 Telorum
194 411 264 474 seges,
276 421 301 470 et
310 410 393 474 jaculis
403 408 502 462 increvit
513 415 594 460 acutis.

67 481 135 528 Tum
146 491 210 536 vero,
223 478 321 542 auripiti
332 489 439 527 mentem
451 477 576 528 formidine
588 476 683 540 preilus,

70 544 199 606 Obilupui:
220 544 380 606 steteruntque
391 559 480 601 comae,
492 556 516 593 et
528 559 575 592 vox
586 542 691 594 lancibus
701 543 788 596 haene.
812 589 820 602 ,

69 615 142 660 Hunc
154 607 299 674 Polydorum
312 611 362 660 auri
374 614 494 673 quondam
505 625 560 659 cum
572 614 674 672 pondere
684 627 775 674 magno

71 675 158 726 Infelix
171 677 278 726 Priamus
290 679 373 726 fuerim
386 676 512 728 mandunt
524 675 635 726 alendum

69 743 184 792 Threicio
196 743 258 804 regi3
278 747 333 792 cum
342 744 392 806 jam
406 743 520 793 diffideret
531 745 602 793 armis

70 811 219 868 Dardaniae,¹
229 809 338 870 cingique
349 814 431 860 urbem
442 810 562 859 obsidione
573 811 669 860 uideret.

71 875 124 936 lile,
136 888 163 924 ut
175 889 232 940 opes
243 879 330 926 inediae
338 875 469 936 Teucrum,
481 889 506 926 et
517 881 612 926 fortuna
623 877 721 938 receffit,
753 918 756 919 γ

59 997 62 1004 ¹
73 945 123 992 Res
135 943 349 1003 Agamemnonias,
361 943 512 1010 victriciaque
523 957 587 992 arma
598 943 694 1001 strutus,
735 941 736 944 ’

67 1013 92 1058 ‘F
94 1027 119 1058 as
130 1012 201 1058 onine
213 1010 343 1070 abrumpit,
357 1009 502 1072 Polydorum
515 1013 650 1068 obtruncat,
663 1015 687 1059 et
698 1025 763 1060 auro*

72 1077 105 1125 Vi
116 1077 216 1138 potitur.
236 1077 301 1140 Qud
312 1091 362 1127 non
373 1075 485 1124 mortalia
496 1078 590 1138 pediora
601 1075 677 1136 eogi's,

74 1143 138 1190 Auri
147 1142 209 1192 saera
220 1142 306 1190 laniet!
324 1136 450 1202 postquam
460 1155 537 1214 pavor
547 1141 595 1191 osia
606 1135 711 1204 reliquit,

75 1205 185 1256 Deledlos
198 1207 279 1269 populi
291 1209 321 1254 ad
333 1223 447 1268 proceres,
460 1210 613 1270 primumque
625 1219 761 1272 parentem,⁴

75 1271 184 1322 Monstra
192 1269 274 1322 Debm
285 1275 373 1333 reier03
393 1283 427 1334 ee,
440 1289 500 1335 quae
512 1271 541 1322 fit
552 1276 678 1335 sententia,
688 1277 766 1338 poseo»
820 1293 824 1300 ·

76 1341 195 1389 Omnibus
205 1341 267 1388 idem
279 1339 372 1389 animus
383 1335 614 1398 seelemtaencedere
622 1353 694 1402 terra,

45 1450 50 1460 ,
76 1407 197 1468 Linquere
209 1403 326 1468 pollutum
339 1401 477 1472 hospitium,
491 1417 516 1458 et
527 1410 583 1457 dare
594 1406 824 1460 claffiburAuftrose

77 1475 141 1534 Ergo
153 1473 308 1522 instauramus
317 1472 436 1536 Polydoro
447 1477 527 1532 sunus,
540 1485 565 1524 et
576 1476 660 1538 ingens

78 1540 213 1602 Aggeritur'
219 1539 313 1590 tumulo
324 1539 394 1590 telius
404 1558 409 1586 :
430 1539 492 1590 liant
501 1539 615 1592 Manibus
625 1541 688 1602 atad,

79 1607 197 1658 Caeruleis
207 1606 383 1656 moestaeuittis
394 1605 493 1670 atri'que
504 1605 619 1670 cupreil93
680 1649 683 1656 .

79 1676 113 1723 Et
125 1675 214 1723 circum
226 1673 309 1722 iliades
319 1675 406 1722 crinem
420 1677 449 1722 de
460 1688 525 1722 more
536 1673 632 1722 solutae.

80 1741 207 1792 inferimus
218 1741 299 1800 tepido
310 1739 444 1798 spumantia
452 1738 545 1799 cymbia
556 1736 634 1794 laete,-

82 1805 206 1866 Sanguinis
217 1813 241 1851 et
252 1803 309 1850 sacri
318 1812 425 1862 pateras:
445 1803 596 1860 animumque
606 1797 717 1860 sepulero

82 1871 222 1924 eominus,
234 1877 258 1916 et
270 1883 355 1926 magna
367 1867 499 1926 supremum
511 1881 567 1912 voce
579 1865 674 1914 ciemus.

116 1938 183 1994 Inde,
194 1933 235 1982 nbi
247 1932 324 1996 prima
336 1929 391 1978 fides
404 1929 494 1997 pelago,
506 1927 649 1994 placataque
655 1933 725 1984 venti

83 2007 154 2056 Dant
164 2001 246 2058 maria,
259 2010 282 2048 et
294 1997 345 2046 lene
357 1997 474 2059 crepitans
484 2007 554 2046 uocat
565 1998 651 2049 Auiler
662 2001 688 2048 iu
696 1997 787 2064 altum,

84 2073 214 2121 Deducunt
224 2067 279 2116 socii
290 2061 370 2124 ualet,
382 2073 407 2114 et
418 2063 488 2113 litora
499 2065 629 2128 complent

86 2138 242 2188 Provehimur
254 2143 333 2195 portu,
345 2143 467 2194 terraeque
476 2133 588 2192 urbesque
599 2135 717 2183 recedunt.
781 2160 785 2166 ·
830 2141 836 2146 '

121 2207 190 2259 Saura
201 2202 261 2250 mari
273 2197 358 2248 colitur
370 2198 447 2248 medio
458 2198 585 2259 gratiffinra
596 2199 665 2249 tellus

88 2271 217 2318 Nereidum
229 2267 310 2326 matri,
322 2275 347 2315 et
353 2267 474 2328 Neptuno·
482 2270 592 2330 Aegaeo:

90 2336 170 2398 Qanr
182 2335 234 2396 pius
245 2333 399 2391 Arcitenens,
410 2349 464 2382 orus
475 2342 499 2381 et
510 2328 580 2382 litora
591 2333 678 2382 circum

89 2401 226 2459 Errantem,
240 2405 321 2463 Gyaro
332 2397 391 2448 celsa
398 2403 549 2462 Myconeque
559 2399 671 2460 revinxit,

91 2465 268 2528 immotamque
279 2465 325 2514 coli
336 2467 410 2524 dedit,
423 2475 447 2515 et
458 2477 609 2516 contemnere
620 2475 711 2516 ventos.
737 2497 738 2506 κ

92 2531 145 2576 Huc
157 2532 231 2579 seror:
251 2533 309 2580 haee
320 2529 389 2582 stilos
398 2540 453 2582 tuto
464 2531 618 2596 placidillima
627 2543 697 2596 portu

93 2593 204 2664 Accipit:
223 2595 301 2658 egreffi
313 2613 452 2660 veneramur
460 2597 585 2663 Apollinis
593 2603 684 2650 urbem.

120 2672 149 2708 rx
160 2659 249 2722 nnius,
261 2672 303 2714 rex
313 2663 377 2715 idern
388 2665 516 2718 bonitum
529 2668 666 2733 Pbaebiqm
677 2670 812 2732 sacerdosfl·
826 2662 831 2674 '
