1818 2914
62 59 137 120 *170
187 15 442 104 Auiunruos
476 51 563 99 nra.
593 48 624 99 v.
675 61 733 116 ³19·

83 149 191 210 Emicat,
204 160 229 202 et
239 151 317 198 centis
324 159 347 196 et
356 146 464 196 fulminis
470 147 535 198 ocior
543 145 594 194 alis¹

86 218 215 265 Proximus
225 218 290 273 huic,
302 214 373 274 longo
383 213 422 259 sed
434 212 558 272 proximus
568 209 703 270 intervallo,
729 225 732 230 '

86 283 220 344 Insequitur
232 281 318 330 Sallust
338 275 413 339 spatio
424 275 476 338 posi
489 277 572 326 deinde
584 275 665 324 relisso

85 345 317 408 Tertius‘Euryalus.

85 415 262 476 Euryalumque
273 409 372 471 Elymus
382 408 500 472 sequitur:
520 425 567 472 quo
577 407 662 456 deinde
673 407 714 457 sub
726 408 777 471 ipso

85 484 147 530 Ecce
157 480 231 537 volat,
240 476 378 538 ¹calcemque
388 477 445 524 terit
459 475 508 538 jam
521 473 583 524 calce
594 475 690 532 Diores,

86 549 225 598 Incumbens
235 543 347 600 humer03
367 543 444 610 spatia
453 552 478 590 et
489 542 505 594 sr
517 539 719 602 plurasupersmt,
758 587 762 599 ,

55 641 57 646 v
84 609 298 672 Transeatelapsus
309 610 383 670 prior,
395 610 561 670 ambiguumre
571 606 697 668 relinquat.

84 683 186 745 Jamque
197 681 245 726 fere
256 677 333 738 spatio
344 685 461 739 extremo,
473 673 570 741 fessique
580 675 621 728 sub
632 673 709 753 ipsum

84 747 168 795 Finem
179 746 354 800 adventabantg
373 740 418 790 levi
430 743 486 791 cum
497 742 609 802 sanguine
618 739 689 792 Nisus

83 813 187 862 Labitur
199 809 293 868 infelix,
305 808 374 858 caefis
384 819 412 857 ut
424 811 486 857 forte
494 808 600 870 juvencis

83 879 156 928 Fusus
167 878 268 928 humum
278 875 485 936 viridesquesuper
495 877 651 922 madefecerat
659 872 751 922 herbas

84 945 237 1008 Hiejuvenis
246 945 296 1007 jam
305 943 380 996 vietor
390 957 464 993 ovans
475 940 569 1002 vestigia
580 937 654 1000 presso
774 933 780 940 ’

85 1013 159 1062 Haud
171 1012 249 1062 tenuit
260 1011 364 1059 titubata
376 1007 439 1056 solo:
458 1008 497 1056 sed
508 1022 596 1068 pronus
607 1004 694 1066 inipso

86 1079 200 1129 Concidit
211 1079 383 1137 immundoque
395 1075 461 1131 fimo,
473 1075 584 1135 sacroque
595 1087 683 1120 cruore.

85 1149 145 1197 Non
156 1156 238 1198 tamen
250 1141 356 1205 Euryali,
367 1155 417 1192 nou
428 1139 468 1188 ille
477 1138 565 1198 oblitus
575 1153 700 1196 amorum

86 1215 153 1262 Nam
165 1213 209 1262 sese
219 1211 330 1272 opposuit
341 1206 404 1259 Salio
415 1223 457 1268 per
467 1203 557 1254 lubrica
567 1205 676 1265 surgens:

88 1278 132 1327 llle
143 1289 221 1328 autem
235 1274 302 1338 spilla
310 1275 384 1339 iacuit
394 1270 512 1321 revolutus
524 1287 602 1322 arena.

88 1346 183 1399 Emicat
196 1341 320 1405 Euryalus,
331 1351 366 1400 et,
379 1353 477 1404 munere
485 1338 559 1388 vidior
570 1335 650 1393 amici,

4 1413 5 1428 ¹
89 1413 171 1460 Prima
181 1420 257 1468 tenet,
268 1407 394 1471 plausuque
405 1403 470 1456 volat
482 1403 624 1468 fremituque
635 1397 744 1450 l'ecrmdo.
771 1417 773 1429 ⁴

4 1479 10 1506 '
88 1477 145 1528 Post
153 1476 253 1542 Elymus
263 1476 334 1534 subit,
346 1485 370 1524 et
382 1488 445 1524 urant
455 1472 526 1522 tertia
537 1467 617 1532 palma
624 1468 719 1527 Diores.

86 1543 137 1596 llic
148 1554 228 1596 totum
239 1559 322 1594 caveae
333 1537 461 1596 consessum
472 1537 584 1600 ingentis,
596 1545 620 1584 et
631 1551 673 1582 ora
758 1558 760 1562 ·

67 1637 80 1655 ν
89 1612 172 1662 Prima
181 1621 275 1674 patrum
288 1609 380 1670 magnis
390 1605 465 1656 Salius
476 1603 618 1654 clamoribus
628 1596 725 1662 implet3

89 1679 255 1740 Ereptumque
265 1673 321 1724 dolo
333 1674 398 1722 reddi
410 1671 452 1720 srbi
464 1672 539 1734 poscit
547 1671 670 1718 honorem.

20 1805 24 1810 Δ
88 1746 197 1806 Tutatur
209 1745 275 1808 favor
283 1738 422 1806 Euryalum,
435 1735 598 1797 lacrymaeque
608 1736 713 1789 decorae,

4 1799 9 1832 ¹
90 1812 190 1861 Gratior
198 1818 223 1856 et
233 1805 332 1868 pulchro
343 1804 438 1850 veniens
449 1804 475 1850 iu
487 1814 583 1860 corpore
593 1797 676 1844 virtus.

90 1877 208 1938 Adiuvat,
220 1883 245 1920 et
257 1885 342 1928 magua
353 1865 484 1928 proclamat
495 1881 551 1912 voce
560 1862 655 1920 Diores,
717 1877 718 1884 ¹

4 1982 21 2012 s
34 1929 76 1958 ’Ὗ
118 1945 141 1992 ui
152 1941 223 1990 subiit
233 1935 338 1999 palmae3
358 1931 489 1993 frustraque
498 1933 531 1982 ad
542 1928 647 1993 praemia
656 1926 724 1991 veuit

92 1947 195 2066 dirim,
208 2004 224 2054 fr
236 2002 307 2066 primi
319 1998 382 2050 Salio
392 1999 524 2048 redduntur
534 1997 645 2044 honores.

90 2081 158 2128 Tum
170 2083 238 2138 pater
249 2075 356 2126 Aeneas:
376 2064 466 2123 Vestra,
478 2064 579 2125 iniquit,
587 2075 685 2122 munera
693 2057 762 2108 vobis

91 2149 166 2196 Certa
178 2148 285 2196 manent,
298 2134 375 2198 pueri;
388 2130 528 2194 et'palmam
540 2137 620 2178 movet
630 2127 713 2176 ordine
724 2138 813 2176 namot

93 2215 137 2263 me
149 2209 218 2260 liceat
229 2200 405 2255 casusnrisereri
415 2198 514 2246 insontis
525 2195 602 2246 amici.
679 2249 681 2254 Ι

92 2271 133 2326 ‘stc
145 2279 218 2332 fatus,
230 2283 323 2332 tergum
336 2263 432 2317 Gaetuli
443 2256 635 2332 immanffleouis

93 2345 147 2396 Dat
159 2339 231 2397 Salio,
243 2335 306 2385 villis
316 2332 449 2390 onerosum,
461 2340 533 2392 arque
545 2327 659 2392 unguibus
669 2323 754 2372 aureis.

94 2407 144 2457 Hic
156 2405 239 2452 Nisus:
259 2403 284 2452 Si
295 2411 373 2459 tanta,
386 2399 475 2461 iuquit,
487 2397 541 2444 suut
550 2391 653 2458 praemia
663 2389 741 2450 vinis,

94 2475 129 2520 Et
139 2481 164 2518 te
176 2469 293 2529 lapsorum
306 2467 410 2524 miseren
430 2481 491 2527 quae
501 2477 599 2512 munera
610 2459 669 2508 Niso

44 2541 49 2549 “
92 2537 177 2595 Digna
187 2533 269 2582 dabis?
288 2535 392 2594 primam
404 2530 478 2582 merui
490 2527 609 2592 quidaude
619 2533 744 2584 coronam}

95 2599 130 2650 Ni
142 2615 189 2656 me,
201 2615 262 2659 quae
274 2598 373 2658 Salium,
387 2602 491 2648 Fortuna
503 2595 598 2644 inimica
609 2589 704 2642 tulisset.

97 2665 131 2711 Et
141 2663 211 2715 ssmul
218 2663 258 2714 his
269 2665 338 2726 dictis
350 2663 594 2743 faciem'osteutabat,
601 2671 627 2710 et
636 2661 683 2714 udo

773 2253 785 2281 b
