1806 2912
243 11 706 118 AENE1D08³
778 45 825 110 ²⁶9

214 223 388 274 LIBER
427 214 694 266 DECIMUS.

3 407 4 428 q
87 367 159 418 Auo,
179 357 277 424 Jupiter,
298 359 411 404 corvum
425 353 522 398 Deorum
540 347 634 404 concilio,
653 344 682 392 ad
698 341 828 392 concordiam
898 399 899 406 ἵ

122 445 155 477 cns
174 426 277 474 hortatur.
305 421 396 485 Trojnni
414 417 480 483 alpuffi
490 417 536 481 sese
551 425 592 480 pro
610 411 692 460 uirides
704 409 828 474 defenduut.

123 497 209 543 Aeneas
218 490 305 548 iuterim
315 489 407 552 triginta
416 485 505 532 tranium
518 479 580 545 elrffe
589 481 670 544 adseres
683 478 776 525 revenit.
796 475 831 522 U·

122 562 212 624 irimque
222 558 301 606 acriter
310 561 430 624 pugnutur.
452 551 540 607 Pallas,
554 547 645 613 Lerisus,
656 554 717 610 atque
729 543 830 592 Mezen·

85 670 91 680 .
123 625 337 676 tiusinterimnrtur.
594 637 596 642 ¹

90 759 311 810 PANDITUR
328 755 417 804 interea
428 755 512 804 domus
524 747 696 810 omnipotentis
706 742 818 807 Olympi;

91 824 275 883 conciliumque
284 829 354 868 vocat
364 818 456 868 Divinn
469 823 537 879 pater
547 827 619 876 atque
631 814 756 869 hominmn
768 827 810 858 rex

91 895 210 942 sideream
223 891 248 936 in
259 888 334 938 sedem
345 901 357 934 s·
371 896 445 936 terras
455 886 518 932 unde
528 885 613 930 arduus
624 895 716 937 omnes,

92 958 220 1023 Castraque
231 951 398 1004 Dardanidirm
411 953 521 1012 aspestat',
534 947 678 1010 populosque
689 944 799 994 Latinos.
825 1001 827 1007 k

91 1024 224 1076 Considunt
235 1023 302 1072 tetris
313 1020 488 1081 bipatentibusr
507 1015 590 1076 incipit
602 1015 665 1075 ipse:

93 1089 225 1142 Coelicolae
236 1089 326 1150 magni,
339 1086 452 1148 quianam
464 1083 579 1132 sententia
587 1081 654 1128 vobis

92 1159 164 1207 Versa
175 1155 253 1206 retro?
270 1164 418 1214 tantumque
426 1151 513 1200 animis
525 1148 620 1198 certatis
631 1143 735 1208 iniquis?

93 1227 233 1274 Abnueram
246 1221 308 1270 bello
319 1219 412 1270 ltaliam
426 1233 561 1268 concurrere
570 1215 682 1264 Teucris:

71 1338 75 1344 .
95 1294 162 1356 Qae
171 1299 254 1340 contra
265 1290 365 1338 veritum
378 1283 508 1336 discordia?
527 1284 580 1345 quis
589 1293 666 1331 metus
676 1290 717 1342 aut
728 1279 781 1340 hos,

93 1361 149 1408 Aut
160 1357 204 1406 hos
215 1373 281 1425 qrrpa
289 1356 363 1416 sequi,
376 1357 511 1413 ferrumque
523 1348 627 1404 lacessere
639 1346 723 1398 suasit?
742 1372 746 1379 ¹

94 1424 216 1484 Adueniet
226 1422 312 1482 justum
325 1436 417 1480 pugnae
430 1421 472 1478 (ne
481 1417 595 1477 atceffite)
609 1426 713 1476 tempus,
773 1411 779 1418 ’

94 1492 158 1539 Cium
172 1490 221 1534 fera
230 1486 350 1543 Carthago
360 1483 477 1530 Romanis
488 1483 578 1528 arcibus
589 1479 647 1528 olim

94 1555 203 1606 Exitium
218 1559 339 1612 magnum,
352 1558 424 1609 atque
431 1545 509 1607 Alpes
521 1547 636 1596 immittet
648 1556 754 1607 apertast

94 1619 164 1672 Tum'
173 1629 262 1668 certare
273 1617 341 1673 odiis,
354 1611 407 1663 tuin
416 1631 451 1662 res
459 1610 557 1673 rapuisse
566 1612 653 1660 licebit.

66 1702 77 1712 ·
94 1693 168 1744 Nurac
177 1685 256 1743 sinite3
277 1694 301 1731 et
312 1680 426 1744 placitum
436 1679 493 1728 laeti
504 1680 639 1740 componite
651 1681 741 1732 foedus.
788 1705 795 1712 ·

94 1755 189 1820 Jupiter
201 1753 258 1800 haec
268 1747 363 1812 paucis:
382 1758 408 1798 at
417 1765 467 1795 non
476 1749 554 1795 Venus
565 1763 633 1795 aurea
638 1747 727 1800 'contra

96 1826 176 1873 Pauca
188 1821 268 1868 refert.
524 1809 527 1816 ’

59 1917 65 1924 =
96 1893 119 1938 Ο
132 1898 208 1949 pater,
221 1884 237 1934 ὂ
248 1883 372 1950 hominum
383 1881 522 1944 Divinnque
531 1892 626 1931 aeterna
638 1881 749 1944 potestas,

97 1957 223 2019 (Namque
233 1951 296 2000 aliud
308 1952 366 2012 quid
375 1950 413 2008 fit,
426 1952 491 2011 quod
499 1949 549 2011 jam
560 1950 686 2010 implorare
696 1946 836 2011 queamusi)
898 1963 899 1970 ¹

96 2020 182 2070 Cernis
191 2029 218 2065 ut
230 2015 343 2066 insultent
353 2015 449 2072 Rutuli3
462 2017 603 2075 Turnusque
616 2007 705 2064 seratur

97 2092 145 2145 Per
156 2083 247 2132 medios
257 2081 353 2141 infignis
364 2082 438 2140 equis,
450 2081 601 2140 tumidusque
612 2081 713 2128 secundo

95 2159 178 2216 Marte
189 2147 258 2200 ruat?
277 2145 410 2199 nonelausa
419 2156 503 2206 regunt
513 2147 562 2208 jam
574 2146 667 2194 moenia
675 2148 793 2196 Teucros:

65 2215 71 2224 '
97 2221 164 2284 Qin
174 2219 238 2268 intra
246 2225 337 2278 portas,
350 2211 486 2274 atque'ipsrs
497 2211 586 2272 proelia
597 2213 695 2261 miscent
789 2263 791 2268 ,

25 2345 31 2354 .
96 2285 231 2352 Aggeribus
243 2297 374 2338 murorum,
387 2289 411 2328 et
422 2279 539 2328 inundant
547 2279 657 2340 sanguine
667 2277 746 2330 fossae.
830 2274 833 2286 ¹

53 2358 57 2364 '
97 2357 193 2402 Aeneas
202 2351 296 2412 ignarus
307 2345 377 2396 abest,
397 2349 558 2407 Nunquamne
567 2342 640 2396 levari
729 2341 733 2349 ‘

23 2433 29 2452 ⁸
98 2417 226 2466 Obsidione
236 2413 309 2464 sines?
328 2414 402 2461 muris
411 2413 496 2462 iterum
506 2411 616 2462 imminet
625 2413 698 2464 hostis

97 2485 223 2555 Nqscentis
231 2481 328 2544 Trojae,
342 2497 385 2528 nec
397 2497 445 2530 non
455 2480 570 2529 exereitus
581 2480 653 2530 alter:

53 2588 61 2608 .
99 2555 185 2612 Atque
196 2551 281 2598 iterum
292 2548 317 2594 in
325 2549 429 2596 Teucros
438 2545 532 2596 Aetolis
544 2547 615 2610 surgit
627 2551 655 2596 ab
665 2551 740 2612 Arpis

97 2617 212 2677 Tydides.
233 2616 350 2677 Equidem
363 2614 455 2676 (credo)
469 2613 625 2674 mequulnera
637 2615 737 2665 restant:

61 2695 67 2706 ’
99 2686 133 2732 Et
143 2693 185 2733 tua
192 2681 314 2745 progenies
324 2679 434 2730 mortalia
445 2683 554 2744 demoror
565 2698 638 2733 arma.
