1818 2914
886 32 891 62 r

160 89 619 148 AENninosnru.v11.
671 87 728 140 28⁶.
781 102 827 149 212
890 161 891 164 Ἴ

108 160 117 190 r

119 201 181 250 Eece
193 209 272 249 autem
281 195 385 245 inachiis
396 195 439 242 sese
450 193 566 242 referebat
577 195 608 240 ab
619 193 692 252 Argis

85 271 160 318 Saeva
173 267 237 330 Jovis
248 264 346 328 conjux,
358 262 471 322 aurasque
482 261 574 308 investa
583 261 694 309 tenebat:

87 339 122 384 Et
134 332 222 390 laetum
231 336 341 387 Aenean,
354 325 494 389 classemque
505 345 535 376 ex
547 322 641 375 aethere
651 326 720 387 longe

86 401 236 450 Dardaniam
245 397 324 447 Siculo
335 396 456 458 prospexit
466 397 495 442 ab
507 395 579 456 usque
589 395 711 458 Pachyno.

87 465 171 516 Moliri
180 467 228 528 jam
240 468 303 514 tella
314 465 389 522 ridet,
399 464 449 526 jam
463 462 531 510 fidere
539 472 624 521 terrae,

87 531 215 584 Deseruille
228 542 303 581 rates:
324 531 398 580 Stetit
409 530 456 577 acri
468 528 515 576 fixa
524 527 611 576 dolore.

16 645 20 652 .
87 603 153 650 Tum
165 598 274 662 quailans
286 608 366 658 caput,
380 599 438 644 haec
449 593 548 644 effimdit
560 597 651 655 pedore
662 595 738 644 dista:

89 669 142 716 Heu
155 666 250 728 stirpem
263 665 371 722 inrisam,
384 675 408 712 et
419 665 475 712 fatis
487 662 604 710 contraria
615 661 698 712 nostris

89 737 149 783 Fata
159 733 291 794 Phrygum!
312 747 369 779 num
379 732 454 791 Sigeis
464 731 601 778 occumbere
610 730 709 791 campis,

89 805 158 849 Num
168 801 232 860 capti
241 797 338 860 potuere
349 797 416 859 capi?
436 813 493 844 num
505 796 598 844 incensa
609 797 722 846 cremavit

88 865 250 929 Trojaviros‘?
269 865 357 914 medias
367 866 435 922 acies,
449 864 637 924 mediosqueper
648 864 713 923 ignes

90 933 203 982 luvendre
216 932 294 982 viam?
313 937 352 980 At
364 933 458 996 (credo)
472 947 523 979 mea
531 930 632 978 numina
643 931 740 978 tandem

90 997 156 1049 Fessa
164 1003 258 1063 jacent:
277 1001 338 1048 odiis
350 1009 391 1047 aut
401 999 534 1046 exsaturata
546 997 632 1060 quievi.

91 1067 159 1132 Qin
170 1069 241 1116 etiam
250 1067 330 1129 patria
340 1064 445 1114 exeullos
456 1064 539 1114 infesta
548 1081 591 1126 per
601 1065 677 1112 undas

90 1134 159 1183 Ausa
167 1133 239 1196 sequi,
251 1145 275 1182 et
285 1133 390 1195 profugis
398 1143 452 1182 toto
465 1147 503 1179 me
512 1147 633 1193 opponere
644 1139 729 1191 ponto.

16 1229 17 1232 =
41 1189 49 1206 ⁸
90 1199 226 1250 Absumtae
236 1201 261 1248 in
269 1204 374 1250 Teucros
386 1201 445 1248 vires
456 1197 561 1261 coelique
570 1197 696 1259 marisque.

16 1297 17 1304 κ
92 1267 159 1332 Qid
171 1271 258 1329 Syrtes,
270 1279 310 1318 aut
322 1266 400 1330 Scylla
413 1265 481 1325 milri,
495 1267 553 1330 quid
564 1263 628 1314 valia
639 1263 773 1327 Charybdis

91 1333 203 1394 Profuit?
220 1345 305 1396 optato
317 1338 452 1384 conduntur
459 1333 573 1396 Tybridis
583 1331 661 1392 alve03
672 1361 674 1366 .

91 1397 170 1450 Securi
181 1401 267 1462 pelagi,
279 1412 351 1462 atque
361 1403 415 1449 mei.
435 1405 501 1448 Mars
513 1403 608 1461 perdere
620 1402 716 1461 geniem

89 1470 226 1515 lmmanem
236 1466 372 1524 Lapithim
380 1466 453 1514 valuit
463 1483 469 1513 r
490 1464 599 1514 concellit
610 1467 635 1513 in
647 1468 694 1514 irae

91 1531 145 1594 Ipse
154 1530 236 1578 Deilm
248 1530 371 1590 antiquam
385 1532 477 1590 genitor
485 1531 724 1590 CalydonaDianae:

118 1599 167 1646 uod
177 1594 249 1645 scelus
257 1603 298 1643 aut
306 1594 419 1656 Lapithis
425 1605 530 1653 tantum,
540 1605 582 1643 aut
589 1595 710 1658 Calydone
718 1596 837 1650 merente?

90 1669 118 1715 A
151 1675 209 1726 ego,¹
218 1677 305 1724 magna
312 1662 377 1725 Jovis
388 1663 485 1725 conjux,
499 1661 533 1710 nil
543 1660 649 1724 linquere
657 1664 764 1713 inausum

92 1731 244 1796 Qaepotui
255 1728 348 1788 infelix,
361 1745 422 1793 quae
434 1739 521 1778 memet
531 1731 556 1778 in
565 1731 646 1778 omnia
656 1731 727 1791 veni,

91 1799 182 1848 Vincor
190 1801 220 1846 ab
230 1801 322 1846 Aenea.
343 1799 414 1864 Qud
424 1797 442 1858 [ι
455 1815 507 1846 mea
519 1798 618 1846 numina
629 1813 678 1846 non
688 1799 742 1849 sunt

92 1865 260 1927 Magnasatis3
274 1866 380 1914 dubitem
392 1865 457 1913 haud
467 1865 576 1928 equidem
589 1863 716 1926 implorare
727 1869 792 1930 quod
800 1865 838 1916 us-

82 1929 195 1981 'Flestere
203 1925 834 2001 finemreoSupemeAcherontamevelio.,[quamell.

92 2001 151 2048 Non
162 2000 257 2048 dabitur
265 2000 341 2060 regnis
351 1999 422 2063 (ello)
431 2001 555 2061 prohibere
564 2001 669 2060 Latinis,
792 2005 794 2010 '

92 2069 180 2128 Atque
189 2066 290 2114 immota
302 2078 382 2116 manet
395 2067 451 2116 ratis
459 2069 559 2117 Lavinia
570 2068 672 2128 coniux:

94 2135 133 2181 At
142 2133 244 2192 trahere,
256 2143 328 2195 atque
340 2149 418 2182 moras
425 2134 501 2182 tamis
509 2133 565 2182 licet
574 2135 658 2180 addere
669 2135 751 2194 rebus,-

89 2203 133 2266 ‘At
145 2197 200 2248 licet
209 2203 334 2248 amborum
346 2199 445 2260 populos
455 2200 588 2248 exscindere
597 2213 687 2260 regum.
757 2191 767 2225 '⁸

93 2267 148 2316 Hae
160 2281 229 2326 gener
239 2266 383 2330 aequesoeer
393 2269 478 2315 co'e'ant
490 2267 596 2314 mercede
607 2265 709 2316 suorum.

94 2333 213 2394 Sanguine
221 2333 328 2396 Trojano
338 2344 364 2383 et
372 2332 464 2380 Rutulo
473 2335 593 2390 dotaberea
605 2336 685 2396 virgo:

93 2401 129 2449 Et
142 2397 238 2460 Bellone
250 2411 331 2448 manet
339 2411 365 2448 te
374 2404 488 2460 pronuba.
509 2405 559 2449 Nec
567 2403 722 2452 facerantum

49 2499 57 2510 .
94 2463 180 2516 Cilicis
189 2483 319 2528 praegnans
327 2468 393 2527 ignes
403 2468 473 2514 enixa
482 2465 585 2530 jugales:

96 2534 164 2599 Qin
174 2533 235 2581 idem
245 2535 328 2581 Veneri
338 2543 420 2595 partus
432 2535 493 2593 suus,
505 2545 528 2583 et
538 2535 604 2583 Paris
614 2532 684 2594 alter,
742 2559 745 2566 ¹

96 2598 257 2661 funestaeque
266 2600 350 2649 itemm
359 2601 460 2650 recidiva
471 2603 496 2650 in
507 2605 620 2666 Pergama
629 2603 720 2652 taedae.
768 2645 771 2651 .

129 2671 196 2716 Haec
208 2668 317 2716 ubi‘dieia
326 2669 401 2728 dedit,
411 2677 485 2718 terras
494 2667 610 2718 horrenda
622 2669 716 2730 petivit.

100 2731 242 2784 Luffifican
250 2733 458 2790 AlectoDimmm
466 2739 497 2786 ab
507 2736 558 2786 sede
568 2733 683 2792 summm,
744 2769 746 2776 ·
759 2775 762 2786 .
