1804 2904
11 30 40 67 f
108 39 140 76 cr
262 21 492 74 ECLOGA
526 27 591 74 viu.
644 39 684 90 91.

104 134 154 178 Has
165 129 223 178 olim
235 133 329 179 exuvias
342 132 400 180 mihi
412 130 513 192 perfidus
524 130 563 180 ille
575 130 679 194 reliquit,
885 130 888 196 l

14 194 22 257 ,¹
104 198 207 258 Pignore
218 214 271 247 caru
282 199 328 246 sui:
349 214 408 258 quae
420 213 483 244 nunc
495 211 537 256 ego
549 197 632 260 limine
642 200 667 246 in
679 200 738 258 ipso,
888 222 889 252 r

14 298 19 311 .
103 265 187 322 Terru,
199 262 243 312 tibi
256 267 357 311 mando:
378 265 464 312 debent
476 263 534 310 haec
545 265 644 324 pignora
655 263 785 324 Daphnin.
888 257 890 336 3,

135 331 223 386 Ducite
232 333 260 380 eb
270 333 325 377 urbe
333 332 443 388 domum,
451 345 503 377 mea
512 332 625 389 carmina,
635 331 712 380 ducite
717 330 853 392 Daphnin.

102 400 153 446 Has
165 398 257 454 herbas,
269 405 341 457 atque
352 397 410 446 haec
420 400 500 446 Ponto
513 398 572 446 mihi
584 396 642 446 ledia
653 413 744 446 venena

103 465 153 525 lpse
165 466 229 514 dedit
238 466 339 521 Moeris;
359 464 486 512 nascuntur
498 462 601 526 plurima
614 468 701 513 Ponto.
779 483 783 491 ’

103 534 148 581 Ins
160 547 202 590 ego
214 530 279 590 saepe
290 529 373 591 lupum
386 531 444 590 ficri,
457 541 481 580 et
493 531 515 578 se
526 533 625 578 condere
637 531 698 579 srlvis
734 529 736 532 ’

102 599 206 654 Moerin,
219 597 285 657 saepe
296 598 389 646 animas
402 599 457 646 imis
467 598 544 645 excire
555 597 674 658 sepulcris,

103 671 188 724 Atque
199 663 259 710 sutas
271 662 317 711 alio
329 665 376 714 vidi
388 668 508 714 traducere
521 662 609 712 melles.
809 721 812 726 ἱ

135 731 222 778 Ducite
230 732 259 780 ab
269 733 326 778 urbe
336 735 443 789 domum,
453 748 505 778 mea
513 731 848 793 carmina‚ducirenaptm1n.

101 801 146 853 Fet
157 797 253 856 cineres,
266 798 396 860 Amarylli,
410 801 486 844 sorus:
506 798 603 856 rivoque
613 799 703 854 fluenti,

103 864 225 924 Trunsque
239 875 309 924 caput
320 867 385 927 jace:
405 881 434 912 ne
447 864 580 924 respexeris.
604 863 650 910 His
659 879 702 923 ego
715 863 837 922 Daphnin

102 931 248 990 Aggrcdiur:
269 931 329 979 nihil
341 930 379 980 illc
391 933 455 990 deos,
468 929 503 978 nil
514 930 618 978 carmina
630 939 703 978 curat.

134 999 223 1046 Ducite
231 1001 259 1046 nh
268 1003 325 1048 urbe
332 1002 440 1057 domum,
450 1015 501 1046 roca
509 999 623 1056 carmina,
631 998 709 1046 ducite
716 996 848 1057 Daphnin.

135 1065 235 1125 Aspice:
256 1067 367 1127 corripuit
377 1064 483 1112 tremulis
495 1063 578 1112 altaria
590 1065 691 1111 flammis

103 1135 192 1191 Sponte
205 1133 253 1189 sua,
267 1136 323 1180 dum
336 1134 395 1179 ferre
407 1146 495 1188 moror,
508 1130 567 1179 cinis
580 1130 640 1191 ipse:
660 1133 749 1178 bonurn
761 1129 802 1178 fit!

103 1199 187 1246 Neliio
199 1199 257 1258 quid
269 1208 330 1246 certe
341 1194 387 1245 est:
407 1208 431 1246 et
444 1195 524 1257 Hylnx
537 1197 561 1244 in
574 1195 655 1246 limine
667 1196 747 1244 latrat.

86 1317 88 1324 Ι
102 1262 240 1326 Credimus?
259 1281 298 1322 an,
312 1263 353 1324 qui
364 1273 456 1320 amant,
470 1262 512 1324 ipsr
524 1261 566 1309 fibi
577 1263 668 1310 somnia
679 1259 788 1324 fingunt?

135 1331 236 1390 Parcite,
250 1333 279 1378 ab
287 1333 343 1378 urbe
351 1330 425 1390 venit,
433 1329 484 1392 jam
491 1328 589 1391 parcite,
600 1329 713 1388 carmina,
723 1328 847 1390 Daphnis.

257 1472 485 1550 ncnoon
524 1501 685 1550 Noun.
767 1519 768 1524 κ

359 1605 584 1654 MOERIS.

103 1710 174 1754 Ano.
188 1705 279 1767 Referta
292 1706 320 1766 est
332 1681 430 1768 quelche.
450 1705 555 1766 Vir-gidus
566 1719 629 1764 agrae
641 1709 737 1764 repetens
747 1711 802 1763 pene
811 1717 845 1748 or-

153 1773 204 1835 cisus
214 1771 243 1832 est
252 1789 265 1816 a
274 1772 393 1818 centurione
400 1769 460 1812 Ario.
480 1768 565 1828 Miscet
574 1775 595 1813 et
605 1765 697 1831 Augush'
707 1766 787 1814 laudes.
816 1779 818 1786 ’

337 1868 602 1924 chtnns,Moeurs.
635 1901 647 1928 ,

104 1955 127 1988 ι.
138 1939 220 2004 Quo
233 1945 266 1994 te,
275 1934 362 1992 Moeri,
375 1931 460 1995 pedes?
474 1949 514 1991 an,
524 1947 573 1993 quo
581 1933 620 1982 via
630 1935 706 1993 ducit,
716 1935 742 1982 in
749 1929 844 1981 urbem?

103 2022 133 2055 n.
145 2009 165 2055 O
178 2004 278 2067 Lycida,
292 2001 338 2050 vivi
351 1999 508 2063 pervenimus,
520 2002 611 2050 advena
622 2001 704 2060 nostri,

104 2077 177 2140 Qod
188 2087 311 2133 nunquam
322 2068 391 2116 veriti
402 2068 490 2126 sumus,
502 2077 529 2115 ut
533 2065 650 2144 pollillor
661 2065 729 2128 agelli

102 2143 214 2191 Diceret:
226 2133 299 2186 ¹Huec
311 2153 362 2184 meu
374 2136 441 2193 sunt3
460 2145 549 2184 veteres
562 2136 659 2194 migrate
671 2132 757 2180 coloni.

102 2213 175 2258 Nunc
187 2206 250 2264 vicu,
263 2203 347 2263 tristes,
360 2203 475 2266 quonium
488 2205 545 2250 Fors
555 2201 636 2250 onmia
646 2201 730 2257 versat,
791 2211 794 2216 ’

101 2278 154 2324 Hos
165 2273 199 2322 illi
212 2274 290 2336 (quod
301 2288 345 2319 nec
355 2273 414 2320 bene
425 2270 514 2330 vertat)
529 2269 647 2322 mittimus
659 2267 752 2315 haedos.

104 2353 128 2386 1..
140 2344 210 2390 Certe
220 2341 331 2401 equidem
342 2338 470 2395 audierem,
483 2353 530 2396 qua
542 2335 564 2382 se
575 2335 699 2384 subducere
711 2332 781 2382 colles
810 2391 817 2400 ,
885 2327 890 2342 ’

103 2406 233 2464 Incipiunt,
247 2405 362 2468 mollique
370 2405 454 2468 jugum
467 2404 591 2452 demittere
603 2399 673 2464 clivo,

103 2469 183 2527 Usque
194 2473 226 2517 ad
237 2487 325 2532 aquam
337 2481 362 2521 et
374 2483 471 2531 veteres,
482 2469 533 2532 jam
542 2472 615 2518 fracia
626 2469 756 2528 cacumina,
770 2469 840 2528 fugos,

104 2533 193 2580 omnia
205 2537 349 2586 carminibus
360 2538 462 2586 vestrum
474 2533 570 2585 sentite
581 2535 717 2586 Menalcan.

31 2612 35 2621 ·
105 2608 136 2638 u·
149 2599 279 2660 Audieram
298 2613 322 2652 et
335 2605 400 2651 fama
412 2606 468 2652 fuit.
487 2604 526 2651 sed
537 2604 644 2654 carmine
656 2611 752 2650 tantum

30 2693 34 2701 ·
105 2656 191 2709 Nostra
202 2663 289 2716 valent.
307 2670 411 2734 Lycida,
422 2669 472 2720 teh
483 2670 653 2730 interMartia,
662 2677 781 2732 quantum
