<?xml version="1.0" encoding="UTF-8"?>
<!DOCTYPE html PUBLIC "-//W3C//DTD XHTML 1.0 Transitional//EN"
    "http://www.w3.org/TR/xhtml1/DTD/xhtml1-transitional.dtd">
<html xmlns="http://www.w3.org/1999/xhtml" xml:lang="en" lang="en">
 <head>
  <title>
</title>
<meta http-equiv="Content-Type" content="text/html;charset=utf-8" />
  <meta name='ocr-system' content='tesseract 3.04.00' />
  <meta name='ocr-capabilities' content='ocr_page ocr_carea ocr_par ocr_line ocrx_word'/>
</head>
<body>
  <div class='ocr_page' id='page_1' title='image "./bucolicageorgic03virggoog/bucolicageorgic03virggoog_0261.png"; bbox 0 0 1806 2912; ppageno 0'>
   <div class='ocr_carea' id='block_1_1' title="bbox 149 39 893 134">
    <p class='ocr_par' dir='ltr' id='par_1_1' title="bbox 149 39 893 134">
     <span class='ocr_line' id='line_1_1' title="bbox 149 39 893 134; baseline 0.011 -19"><span class='ocrx_word' id='word_1_1' title='bbox 149 39 599 118; x_wconf 57' lang='lat' dir='ltr'>transpositam.</span> <span class='ocrx_word' id='word_1_2' title='bbox 651 61 708 134; x_wconf 62' lang='lat'>⁶⁶9·</span> <span class='ocrx_word' id='word_1_3' title='bbox 768 61 815 124; x_wconf 74' lang='lat'>26⁵</span> <span class='ocrx_word' id='word_1_4' title='bbox 888 43 893 84; x_wconf 67' lang='lat'><em>³</em></span> 
     </span>
    </p>
   </div>
   <div class='ocr_carea' id='block_1_2' title="bbox 77 139 798 292">
    <p class='ocr_par' dir='ltr' id='par_1_2' title="bbox 77 139 798 292">
     <span class='ocr_line' id='line_1_2' title="bbox 77 139 798 226; baseline -0.01 -11"><span class='ocrx_word' id='word_1_5' title='bbox 77 168 192 216; x_wconf 74' lang='lat' dir='ltr'>uerberat</span> <span class='ocrx_word' id='word_1_6' title='bbox 202 165 277 214; x_wconf 82' lang='lat' dir='ltr'>imber</span> <span class='ocrx_word' id='word_1_7' title='bbox 288 162 404 212; x_wconf 84' lang='lat' dir='ltr'>humum:</span> <span class='ocrx_word' id='word_1_8' title='bbox 423 166 497 226; x_wconf 84' lang='lat' dir='ltr'>quam</span> <span class='ocrx_word' id='word_1_9' title='bbox 509 158 586 210; x_wconf 87' lang='lat' dir='ltr'>muita</span> <span class='ocrx_word' id='word_1_10' title='bbox 597 139 710 222; x_wconf 78' lang='lat' dir='ltr'>grandine</span> <span class='ocrx_word' id='word_1_11' title='bbox 721 159 798 210; x_wconf 81' lang='lat' dir='ltr'><strong>nimbi</strong></span> 
     </span>
     <span class='ocr_line' id='line_1_3' title="bbox 77 225 772 292; baseline -0.007 -11"><span class='ocrx_word' id='word_1_12' title='bbox 77 228 107 282; x_wconf 90' lang='lat' dir='ltr'>in</span> <span class='ocrx_word' id='word_1_13' title='bbox 119 234 180 281; x_wconf 84' lang='lat' dir='ltr'>rada</span> <span class='ocrx_word' id='word_1_14' title='bbox 190 229 356 292; x_wconf 84' lang='lat' dir='ltr'>praecipitant,</span> <span class='ocrx_word' id='word_1_15' title='bbox 367 229 421 278; x_wconf 77' lang='lat' dir='ltr'>cium</span> <span class='ocrx_word' id='word_1_16' title='bbox 434 228 528 292; x_wconf 83' lang='lat' dir='ltr'>Jupiter</span> <span class='ocrx_word' id='word_1_17' title='bbox 541 228 649 276; x_wconf 80' lang='lat' dir='ltr'>horridus</span> <span class='ocrx_word' id='word_1_18' title='bbox 662 225 755 276; x_wconf 83' lang='lat' dir='ltr'>Austris</span> <span class='ocrx_word' id='word_1_19' title='bbox 771 251 772 256; x_wconf 60' lang='lat'>=</span> 
     </span>
    </p>
   </div>
   <div class='ocr_carea' id='block_1_3' title="bbox 10 293 827 373">
    <p class='ocr_par' dir='ltr' id='par_1_3' title="bbox 10 279 893 396">
     <span class='ocr_line' id='line_1_4' title="bbox 10 293 827 373; baseline -0.01 -23"><span class='ocrx_word' id='word_1_20' title='bbox 10 349 12 356; x_wconf 19' lang='grc' dir='ltr'><em>Α</em></span> <span class='ocrx_word' id='word_1_21' title='bbox 77 303 188 361; x_wconf 86' lang='lat' dir='ltr'>Torquet</span> <span class='ocrx_word' id='word_1_22' title='bbox 200 297 310 359; x_wconf 79' lang='lat' dir='ltr'>aquosam</span> <span class='ocrx_word' id='word_1_23' title='bbox 323 297 443 358; x_wconf 85' lang='lat' dir='ltr'>hyemem,</span> <span class='ocrx_word' id='word_1_24' title='bbox 454 305 480 344; x_wconf 87' lang='lat' dir='ltr'>et</span> <span class='ocrx_word' id='word_1_25' title='bbox 489 293 555 344; x_wconf 87' lang='lat' dir='ltr'>coelo</span> <span class='ocrx_word' id='word_1_26' title='bbox 566 311 622 344; x_wconf 79' lang='lat' dir='ltr'>cava</span> <span class='ocrx_word' id='word_1_27' title='bbox 631 293 713 344; x_wconf 83' lang='lat' dir='ltr'>nubila</span> <span class='ocrx_word' id='word_1_28' title='bbox 722 294 827 373; x_wconf 77' lang='lat' dir='ltr'>rumpit,¹</span> 
     </span>
    </p>
   </div>
   <div class='ocr_carea' id='block_1_4' title="bbox 890 535 893 582">
    <p class='ocr_par' dir='ltr' id='par_1_4' title="bbox 890 535 893 582">
     <span class='ocr_line' id='line_1_5' title="bbox 890 535 893 548; baseline 0 0"><span class='ocrx_word' id='word_1_29' title='bbox 890 535 893 548; x_wconf 70' lang='lat' dir='ltr'>i</span> 
     </span>
     <span class='ocr_line' id='line_1_6' title="bbox 892 573 893 582; baseline 0 0"><span class='ocrx_word' id='word_1_30' title='bbox 892 573 893 582; x_wconf 78' lang='lat' dir='ltr'>r</span> 
     </span>
    </p>
   </div>
   <div class='ocr_carea' id='block_1_5' title="bbox 13 357 809 1233">
    <p class='ocr_par' dir='ltr' id='par_1_5' title="bbox 13 357 809 1233">
     <span class='ocr_line' id='line_1_7' title="bbox 114 357 653 422; baseline -0.009 -7"><span class='ocrx_word' id='word_1_31' title='bbox 114 369 234 416; x_wconf 79' lang='lat' dir='ltr'>Pandarus</span> <span class='ocrx_word' id='word_1_32' title='bbox 244 373 268 413; x_wconf 90' lang='lat' dir='ltr'>et</span> <span class='ocrx_word' id='word_1_33' title='bbox 279 357 360 422; x_wconf 79' lang='lat' dir='ltr'>Bitias,</span> <span class='ocrx_word' id='word_1_34' title='bbox 374 363 443 410; x_wconf 85' lang='lat' dir='ltr'>ldaeo</span> <span class='ocrx_word' id='word_1_35' title='bbox 454 359 575 410; x_wconf 84' lang='lat' dir='ltr'>Alcanore</span> <span class='ocrx_word' id='word_1_36' title='bbox 585 361 653 422; x_wconf 69' lang='lat' dir='ltr'>criti,</span> 
     </span>
     <span class='ocr_line' id='line_1_8' title="bbox 13 427 595 500; baseline -0.012 -17"><span class='ocrx_word' id='word_1_37' title='bbox 13 489 16 494; x_wconf 54' lang='grc'><strong>,</strong></span> <span class='ocrx_word' id='word_1_38' title='bbox 79 435 148 500; x_wconf 79' lang='lat' dir='ltr'>Qus</span> <span class='ocrx_word' id='word_1_39' title='bbox 159 433 224 498; x_wconf 84' lang='lat' dir='ltr'>Jovis</span> <span class='ocrx_word' id='word_1_40' title='bbox 235 431 318 480; x_wconf 76' lang='lat' dir='ltr'>eduxit</span> <span class='ocrx_word' id='word_1_41' title='bbox 329 427 383 478; x_wconf 88' lang='lat' dir='ltr'>luco</span> <span class='ocrx_word' id='word_1_42' title='bbox 394 428 508 492; x_wconf 65' lang='lat' dir='ltr'>silvestris</span> <span class='ocrx_word' id='word_1_43' title='bbox 516 429 595 488; x_wconf 80' lang='lat' dir='ltr'>Hiera,</span> 
     </span>
     <span class='ocr_line' id='line_1_9' title="bbox 79 491 751 562; baseline -0.006 -13"><span class='ocrx_word' id='word_1_44' title='bbox 79 499 312 562; x_wconf 84' lang='lat' dir='ltr'>Abietibusjuvenes</span> <span class='ocrx_word' id='word_1_45' title='bbox 324 491 407 558; x_wconf 85' lang='lat' dir='ltr'>patriis</span> <span class='ocrx_word' id='word_1_46' title='bbox 419 504 444 544; x_wconf 86' lang='lat' dir='ltr'>et</span> <span class='ocrx_word' id='word_1_47' title='bbox 455 497 577 544; x_wconf 86' lang='lat' dir='ltr'>montibus</span> <span class='ocrx_word' id='word_1_48' title='bbox 590 513 688 558; x_wconf 82' lang='lat' dir='ltr'>aequos,</span> <span class='ocrx_word' id='word_1_49' title='bbox 748 499 751 504; x_wconf 82' lang='lat'>&#39;</span> 
     </span>
     <span class='ocr_line' id='line_1_10' title="bbox 78 559 809 631; baseline -0.004 -15"><span class='ocrx_word' id='word_1_50' title='bbox 78 569 187 626; x_wconf 78' lang='lat' dir='ltr'>Portam,</span> <span class='ocrx_word' id='word_1_51' title='bbox 202 581 263 628; x_wconf 84' lang='lat' dir='ltr'>quae</span> <span class='ocrx_word' id='word_1_52' title='bbox 274 565 339 614; x_wconf 89' lang='lat' dir='ltr'>ducis</span> <span class='ocrx_word' id='word_1_53' title='bbox 351 563 451 624; x_wconf 84' lang='lat' dir='ltr'>imperio</span> <span class='ocrx_word' id='word_1_54' title='bbox 462 559 592 622; x_wconf 81' lang='lat' dir='ltr'>commissa,</span> <span class='ocrx_word' id='word_1_55' title='bbox 605 563 738 625; x_wconf 86' lang='lat' dir='ltr'>recludunt,</span> <span class='ocrx_word' id='word_1_56' title='bbox 808 625 809 631; x_wconf 14' lang='grc'>1</span> 
     </span>
     <span class='ocr_line' id='line_1_11' title="bbox 78 630 730 693; baseline -0.005 -10"><span class='ocrx_word' id='word_1_57' title='bbox 78 634 143 683; x_wconf 84' lang='lat' dir='ltr'>Freti</span> <span class='ocrx_word' id='word_1_58' title='bbox 154 635 238 690; x_wconf 74' lang='lat' dir='ltr'>armis3</span> <span class='ocrx_word' id='word_1_59' title='bbox 258 631 369 693; x_wconf 86' lang='lat' dir='ltr'>ultroque</span> <span class='ocrx_word' id='word_1_60' title='bbox 380 631 484 679; x_wconf 87' lang='lat' dir='ltr'>invitant</span> <span class='ocrx_word' id='word_1_61' title='bbox 497 631 620 679; x_wconf 87' lang='lat' dir='ltr'>moenibus</span> <span class='ocrx_word' id='word_1_62' title='bbox 631 630 730 684; x_wconf 80' lang='lat' dir='ltr'>bostem.</span> 
     </span>
     <span class='ocr_line' id='line_1_12' title="bbox 78 695 753 763; baseline -0.006 -13"><span class='ocrx_word' id='word_1_63' title='bbox 78 699 123 763; x_wconf 88' lang='lat' dir='ltr'>lpsr</span> <span class='ocrx_word' id='word_1_64' title='bbox 136 701 202 749; x_wconf 89' lang='lat' dir='ltr'>intus</span> <span class='ocrx_word' id='word_1_65' title='bbox 213 697 299 749; x_wconf 77' lang='lat' dir='ltr'>dextri</span> <span class='ocrx_word' id='word_1_66' title='bbox 309 714 336 746; x_wconf 88' lang='lat' dir='ltr'>ac</span> <span class='ocrx_word' id='word_1_67' title='bbox 348 695 423 754; x_wconf 75' lang='lat' dir='ltr'>laevi,</span> <span class='ocrx_word' id='word_1_68' title='bbox 436 713 480 758; x_wconf 88' lang='lat' dir='ltr'>pro</span> <span class='ocrx_word' id='word_1_69' title='bbox 491 696 596 747; x_wconf 83' lang='lat' dir='ltr'>turribus</span> <span class='ocrx_word' id='word_1_70' title='bbox 606 695 710 760; x_wconf 80' lang='lat' dir='ltr'>adstant,</span> <span class='ocrx_word' id='word_1_71' title='bbox 751 748 753 753; x_wconf 75' lang='grc'><strong>,</strong></span> 
     </span>
     <span class='ocr_line' id='line_1_13' title="bbox 77 761 736 824; baseline -0.008 -6"><span class='ocrx_word' id='word_1_72' title='bbox 77 767 181 818; x_wconf 83' lang='lat' dir='ltr'>Armati</span> <span class='ocrx_word' id='word_1_73' title='bbox 192 769 263 823; x_wconf 86' lang='lat' dir='ltr'>ferro,</span> <span class='ocrx_word' id='word_1_74' title='bbox 275 774 299 813; x_wconf 88' lang='lat' dir='ltr'>et</span> <span class='ocrx_word' id='word_1_75' title='bbox 311 761 383 812; x_wconf 78' lang='lat' dir='ltr'>cristis</span> <span class='ocrx_word' id='word_1_76' title='bbox 394 763 474 824; x_wconf 87' lang='lat' dir='ltr'>capita</span> <span class='ocrx_word' id='word_1_77' title='bbox 485 761 534 812; x_wconf 86' lang='lat' dir='ltr'>alta</span> <span class='ocrx_word' id='word_1_78' title='bbox 546 764 641 814; x_wconf 72' lang='lat' dir='ltr'>corusci.</span> <span class='ocrx_word' id='word_1_79' title='bbox 734 767 736 770; x_wconf 82' lang='grc'><strong>’</strong></span> 
     </span>
     <span class='ocr_line' id='line_1_14' title="bbox 114 827 665 898; baseline -0.004 -18"><span class='ocrx_word' id='word_1_80' title='bbox 114 831 205 898; x_wconf 81' lang='lat' dir='ltr'>Qales</span> <span class='ocrx_word' id='word_1_81' title='bbox 214 832 289 880; x_wconf 75' lang='lat' dir='ltr'>adriae</span> <span class='ocrx_word' id='word_1_82' title='bbox 298 830 412 892; x_wconf 83' lang='lat' dir='ltr'><strong>liquentia</strong></span> <span class='ocrx_word' id='word_1_83' title='bbox 424 831 521 878; x_wconf 85' lang='lat' dir='ltr'>flumina</span> <span class='ocrx_word' id='word_1_84' title='bbox 532 830 630 889; x_wconf 88' lang='lat' dir='ltr'>circum,</span> <span class='ocrx_word' id='word_1_85' title='bbox 663 827 665 830; x_wconf 67' lang='grc'><strong>’</strong></span> 
     </span>
     <span class='ocr_line' id='line_1_15' title="bbox 76 897 712 960; baseline -0.009 -10"><span class='ocrx_word' id='word_1_86' title='bbox 76 902 133 950; x_wconf 85' lang='lat' dir='ltr'>Sive</span> <span class='ocrx_word' id='word_1_87' title='bbox 146 899 205 948; x_wconf 88' lang='lat' dir='ltr'>Padi</span> <span class='ocrx_word' id='word_1_88' title='bbox 217 900 283 960; x_wconf 84' lang='lat' dir='ltr'>ripis,</span> <span class='ocrx_word' id='word_1_89' title='bbox 295 897 406 946; x_wconf 72' lang='lat' dir='ltr'>Athesim</span> <span class='ocrx_word' id='word_1_90' title='bbox 417 897 456 947; x_wconf 86' lang='lat' dir='ltr'>seu</span> <span class='ocrx_word' id='word_1_91' title='bbox 467 905 566 958; x_wconf 89' lang='lat' dir='ltr'>propter</span> <span class='ocrx_word' id='word_1_92' title='bbox 575 911 712 958; x_wconf 85' lang='lat' dir='ltr'>amoenum,</span> 
     </span>
     <span class='ocr_line' id='line_1_16' title="bbox 76 961 695 1028; baseline -0.01 -11"><span class='ocrx_word' id='word_1_93' title='bbox 76 966 231 1028; x_wconf 81' lang='lat' dir='ltr'>Consurgunt</span> <span class='ocrx_word' id='word_1_94' title='bbox 242 965 352 1028; x_wconf 62' lang='lat' dir='ltr'>geminae*</span> <span class='ocrx_word' id='word_1_95' title='bbox 360 980 467 1026; x_wconf 86' lang='lat' dir='ltr'>quercus,</span> <span class='ocrx_word' id='word_1_96' title='bbox 478 963 619 1025; x_wconf 80' lang='lat' dir='ltr'>intonsaque</span> <span class='ocrx_word' id='word_1_97' title='bbox 630 961 695 1013; x_wconf 71' lang='lat' dir='ltr'>coelo</span> 
     </span>
     <span class='ocr_line' id='line_1_17' title="bbox 77 1029 654 1094; baseline -0.009 -11"><span class='ocrx_word' id='word_1_98' title='bbox 77 1032 209 1083; x_wconf 83' lang='lat' dir='ltr'>Attollunt</span> <span class='ocrx_word' id='word_1_99' title='bbox 220 1033 308 1094; x_wconf 87' lang='lat' dir='ltr'>capita,</span> <span class='ocrx_word' id='word_1_100' title='bbox 321 1041 346 1080; x_wconf 92' lang='lat' dir='ltr'>et</span> <span class='ocrx_word' id='word_1_101' title='bbox 356 1029 450 1080; x_wconf 85' lang='lat' dir='ltr'>sublimi</span> <span class='ocrx_word' id='word_1_102' title='bbox 461 1031 547 1079; x_wconf 84' lang='lat' dir='ltr'>vertice</span> <span class='ocrx_word' id='word_1_103' title='bbox 559 1040 654 1080; x_wconf 86' lang='lat' dir='ltr'>nutant.</span> 
     </span>
     <span class='ocr_line' id='line_1_18' title="bbox 76 1096 672 1162; baseline -0.003 -14"><span class='ocrx_word' id='word_1_104' title='bbox 76 1104 226 1162; x_wconf 84' lang='lat' dir='ltr'>Irrumpunt,</span> <span class='ocrx_word' id='word_1_105' title='bbox 239 1099 318 1148; x_wconf 87' lang='lat' dir='ltr'>aditus</span> <span class='ocrx_word' id='word_1_106' title='bbox 330 1097 415 1147; x_wconf 87' lang='lat' dir='ltr'>Rutuli</span> <span class='ocrx_word' id='word_1_107' title='bbox 426 1107 453 1146; x_wconf 86' lang='lat' dir='ltr'>ut</span> <span class='ocrx_word' id='word_1_108' title='bbox 466 1096 543 1146; x_wconf 65' lang='lat' dir='ltr'>vidire</span> <span class='ocrx_word' id='word_1_109' title='bbox 555 1108 672 1159; x_wconf 84' lang='lat' dir='ltr'>patentes.</span> 
     </span>
     <span class='ocr_line' id='line_1_19' title="bbox 76 1162 754 1233; baseline -0.012 -17"><span class='ocrx_word' id='word_1_110' title='bbox 76 1167 202 1216; x_wconf 87' lang='lat' dir='ltr'>Continuo</span> <span class='ocrx_word' id='word_1_111' title='bbox 213 1169 342 1233; x_wconf 78' lang='lat' dir='ltr'>Qereens,</span> <span class='ocrx_word' id='word_1_112' title='bbox 354 1175 378 1214; x_wconf 85' lang='lat' dir='ltr'>et</span> <span class='ocrx_word' id='word_1_113' title='bbox 390 1162 487 1228; x_wconf 86' lang='lat' dir='ltr'>pulcher</span> <span class='ocrx_word' id='word_1_114' title='bbox 497 1163 625 1228; x_wconf 80' lang='lat' dir='ltr'>Equiculus</span> <span class='ocrx_word' id='word_1_115' title='bbox 636 1165 718 1224; x_wconf 84' lang='lat' dir='ltr'>armis,</span> <span class='ocrx_word' id='word_1_116' title='bbox 747 1181 754 1208; x_wconf 74' lang='lat' dir='ltr'>r</span> 
     </span>
    </p>
   </div>
   <div class='ocr_carea' id='block_1_6' title="bbox 76 1233 893 1301">
    <p class='ocr_par' dir='ltr' id='par_1_6' title="bbox 76 1233 893 1301">
     <span class='ocr_line' id='line_1_20' title="bbox 76 1233 893 1301; baseline -0.004 -19"><span class='ocrx_word' id='word_1_117' title='bbox 76 1236 114 1282; x_wconf 90' lang='lat' dir='ltr'>Et</span> <span class='ocrx_word' id='word_1_118' title='bbox 127 1250 235 1296; x_wconf 89' lang='lat' dir='ltr'>praeceps</span> <span class='ocrx_word' id='word_1_119' title='bbox 247 1234 320 1283; x_wconf 87' lang='lat' dir='ltr'>animi</span> <span class='ocrx_word' id='word_1_120' title='bbox 330 1235 443 1292; x_wconf 82' lang='lat' dir='ltr'>Tmarus,</span> <span class='ocrx_word' id='word_1_121' title='bbox 453 1243 477 1281; x_wconf 88' lang='lat' dir='ltr'>ct</span> <span class='ocrx_word' id='word_1_122' title='bbox 490 1233 624 1282; x_wconf 86' lang='lat' dir='ltr'>Mavortius</span> <span class='ocrx_word' id='word_1_123' title='bbox 635 1235 755 1294; x_wconf 81' lang='lat' dir='ltr'>Haemon,</span> <span class='ocrx_word' id='word_1_124' title='bbox 801 1295 804 1301; x_wconf 28' lang='grc' dir='ltr'>Ι</span> <span class='ocrx_word' id='word_1_125' title='bbox 892 1277 893 1284; x_wconf 70' lang='grc'>,</span> 
     </span>
    </p>
   </div>
   <div class='ocr_carea' id='block_1_7' title="bbox 10 1298 748 2290">
    <p class='ocr_par' dir='ltr' id='par_1_7' title="bbox 76 1298 595 1362">
     <span class='ocr_line' id='line_1_21' title="bbox 76 1298 595 1362; baseline -0.006 -12"><span class='ocrx_word' id='word_1_126' title='bbox 76 1301 226 1362; x_wconf 78' lang='lat' dir='ltr'>Agminibus</span> <span class='ocrx_word' id='word_1_127' title='bbox 236 1301 293 1352; x_wconf 86' lang='lat' dir='ltr'>totis</span> <span class='ocrx_word' id='word_1_128' title='bbox 302 1311 344 1350; x_wconf 88' lang='lat' dir='ltr'>aut</span> <span class='ocrx_word' id='word_1_129' title='bbox 353 1300 412 1349; x_wconf 88' lang='lat' dir='ltr'>versr</span> <span class='ocrx_word' id='word_1_130' title='bbox 425 1309 490 1361; x_wconf 76' lang='lat' dir='ltr'>terga</span> <span class='ocrx_word' id='word_1_131' title='bbox 502 1298 595 1359; x_wconf 74' lang='lat' dir='ltr'>dedite,</span> 
     </span>
    </p>

    <p class='ocr_par' dir='ltr' id='par_1_8' title="bbox 76 1367 629 1430">
     <span class='ocr_line' id='line_1_22' title="bbox 76 1367 629 1430; baseline -0.002 -14"><span class='ocrx_word' id='word_1_132' title='bbox 76 1371 134 1416; x_wconf 85' lang='lat' dir='ltr'>Aur</span> <span class='ocrx_word' id='word_1_133' title='bbox 146 1369 195 1430; x_wconf 89' lang='lat' dir='ltr'>ipso</span> <span class='ocrx_word' id='word_1_134' title='bbox 204 1379 287 1429; x_wconf 85' lang='lat' dir='ltr'>portae</span> <span class='ocrx_word' id='word_1_135' title='bbox 297 1367 395 1428; x_wconf 73' lang='lat' dir='ltr'>posudre</span> <span class='ocrx_word' id='word_1_136' title='bbox 406 1371 431 1414; x_wconf 87' lang='lat' dir='ltr'>in</span> <span class='ocrx_word' id='word_1_137' title='bbox 444 1367 527 1414; x_wconf 88' lang='lat' dir='ltr'>limine</span> <span class='ocrx_word' id='word_1_138' title='bbox 536 1367 629 1415; x_wconf 78' lang='lat' dir='ltr'>vitam.&#39;</span> 
     </span>
    </p>

    <p class='ocr_par' dir='ltr' id='par_1_9' title="bbox 75 1433 700 1562">
     <span class='ocr_line' id='line_1_23' title="bbox 75 1433 700 1492; baseline -0.002 -10"><span class='ocrx_word' id='word_1_139' title='bbox 75 1436 147 1482; x_wconf 87' lang='lat' dir='ltr'>Tum</span> <span class='ocrx_word' id='word_1_140' title='bbox 158 1435 234 1492; x_wconf 78' lang='lat' dir='ltr'>magis</span> <span class='ocrx_word' id='word_1_141' title='bbox 244 1434 375 1481; x_wconf 85' lang='lat' dir='ltr'>increscunt</span> <span class='ocrx_word' id='word_1_142' title='bbox 387 1433 475 1478; x_wconf 84' lang='lat' dir='ltr'>animis</span> <span class='ocrx_word' id='word_1_143' title='bbox 486 1433 629 1481; x_wconf 82' lang='lat' dir='ltr'>discordibus</span> <span class='ocrx_word' id='word_1_144' title='bbox 640 1433 700 1492; x_wconf 84' lang='lat' dir='ltr'>irae;</span> 
     </span>
     <span class='ocr_line' id='line_1_24' title="bbox 76 1495 679 1562; baseline -0.008 -13"><span class='ocrx_word' id='word_1_145' title='bbox 76 1501 113 1549; x_wconf 89' lang='lat' dir='ltr'>Et</span> <span class='ocrx_word' id='word_1_146' title='bbox 122 1500 175 1562; x_wconf 89' lang='lat' dir='ltr'>jam</span> <span class='ocrx_word' id='word_1_147' title='bbox 187 1496 278 1545; x_wconf 77' lang='lat' dir='ltr'>collesii</span> <span class='ocrx_word' id='word_1_148' title='bbox 288 1498 365 1544; x_wconf 70' lang='lat' dir='ltr'>Trois</span> <span class='ocrx_word' id='word_1_149' title='bbox 377 1495 539 1562; x_wconf 82' lang='lat' dir='ltr'>glomerantur</span> <span class='ocrx_word' id='word_1_150' title='bbox 549 1500 641 1554; x_wconf 85' lang='lat' dir='ltr'>eodem,</span> <span class='ocrx_word' id='word_1_151' title='bbox 675 1515 679 1518; x_wconf 68' lang='grc'>’</span> 
     </span>
    </p>

    <p class='ocr_par' dir='ltr' id='par_1_10' title="bbox 10 1560 748 1960">
     <span class='ocr_line' id='line_1_25' title="bbox 77 1560 748 1624; baseline -0.006 -8"><span class='ocrx_word' id='word_1_152' title='bbox 77 1569 113 1616; x_wconf 90' lang='lat' dir='ltr'>Et</span> <span class='ocrx_word' id='word_1_153' title='bbox 125 1566 234 1614; x_wconf 81' lang='lat' dir='ltr'>conterre</span> <span class='ocrx_word' id='word_1_154' title='bbox 246 1571 355 1620; x_wconf 84' lang='lat' dir='ltr'>manum,</span> <span class='ocrx_word' id='word_1_155' title='bbox 368 1572 392 1609; x_wconf 85' lang='lat' dir='ltr'>et</span> <span class='ocrx_word' id='word_1_156' title='bbox 404 1577 537 1620; x_wconf 84' lang='lat' dir='ltr'>procurrere</span> <span class='ocrx_word' id='word_1_157' title='bbox 549 1560 640 1624; x_wconf 84' lang='lat' dir='ltr'>longius</span> <span class='ocrx_word' id='word_1_158' title='bbox 651 1565 748 1613; x_wconf 85' lang='lat' dir='ltr'>audent.</span> 
     </span>
     <span class='ocr_line' id='line_1_26' title="bbox 10 1623 603 1688; baseline -0.013 -6"><span class='ocrx_word' id='word_1_159' title='bbox 10 1623 11 1632; x_wconf 37' lang='lat'>¹</span> <span class='ocrx_word' id='word_1_160' title='bbox 77 1631 182 1682; x_wconf 74' lang='lat' dir='ltr'>Dutiori</span> <span class='ocrx_word' id='word_1_161' title='bbox 188 1632 283 1687; x_wconf 90' lang='lat' dir='ltr'>Turno,</span> <span class='ocrx_word' id='word_1_162' title='bbox 296 1627 385 1676; x_wconf 83' lang='lat' dir='ltr'>diversa</span> <span class='ocrx_word' id='word_1_163' title='bbox 396 1627 421 1674; x_wconf 94' lang='lat' dir='ltr'>in</span> <span class='ocrx_word' id='word_1_164' title='bbox 431 1637 498 1688; x_wconf 90' lang='lat' dir='ltr'>parte</span> <span class='ocrx_word' id='word_1_165' title='bbox 506 1629 603 1687; x_wconf 81' lang='lat' dir='ltr'>furenti,</span> 
     </span>
     <span class='ocr_line' id='line_1_27' title="bbox 77 1693 678 1759; baseline -0.008 -10"><span class='ocrx_word' id='word_1_166' title='bbox 77 1698 249 1759; x_wconf 88' lang='lat' dir='ltr'>Turbantiquc</span> <span class='ocrx_word' id='word_1_167' title='bbox 260 1695 331 1755; x_wconf 79' lang='lat' dir='ltr'>risos,</span> <span class='ocrx_word' id='word_1_168' title='bbox 343 1693 460 1755; x_wconf 83' lang='lat' dir='ltr'>perfertur·</span> <span class='ocrx_word' id='word_1_169' title='bbox 468 1695 575 1754; x_wconf 77' lang='lat' dir='ltr'>nuncius,</span> <span class='ocrx_word' id='word_1_170' title='bbox 588 1693 678 1744; x_wconf 88' lang='lat' dir='ltr'>hostem</span> 
     </span>
     <span class='ocr_line' id='line_1_28' title="bbox 80 1763 707 1824; baseline -0.002 -10"><span class='ocrx_word' id='word_1_171' title='bbox 80 1767 179 1814; x_wconf 87' lang='lat' dir='ltr'>Fervere</span> <span class='ocrx_word' id='word_1_172' title='bbox 188 1765 260 1812; x_wconf 86' lang='lat' dir='ltr'>caede</span> <span class='ocrx_word' id='word_1_173' title='bbox 266 1777 338 1822; x_wconf 88' lang='lat' dir='ltr'>nora,</span> <span class='ocrx_word' id='word_1_174' title='bbox 350 1771 375 1811; x_wconf 88' lang='lat' dir='ltr'>et</span> <span class='ocrx_word' id='word_1_175' title='bbox 386 1771 468 1823; x_wconf 85' lang='lat' dir='ltr'>portas</span> <span class='ocrx_word' id='word_1_176' title='bbox 474 1763 583 1822; x_wconf 83' lang='lat' dir='ltr'>praebere</span> <span class='ocrx_word' id='word_1_177' title='bbox 589 1769 707 1824; x_wconf 86' lang='lat' dir='ltr'>patentes.</span> 
     </span>
     <span class='ocr_line' id='line_1_29' title="bbox 76 1829 673 1892; baseline -0.005 -11"><span class='ocrx_word' id='word_1_178' title='bbox 76 1832 172 1881; x_wconf 85' lang='lat' dir='ltr'>Deserit</span> <span class='ocrx_word' id='word_1_179' title='bbox 181 1833 312 1892; x_wconf 85' lang='lat' dir='ltr'>inceptum,</span> <span class='ocrx_word' id='word_1_180' title='bbox 325 1839 398 1892; x_wconf 85' lang='lat' dir='ltr'>atque</span> <span class='ocrx_word' id='word_1_181' title='bbox 406 1829 507 1878; x_wconf 87' lang='lat' dir='ltr'>immani</span> <span class='ocrx_word' id='word_1_182' title='bbox 516 1831 622 1887; x_wconf 85' lang='lat' dir='ltr'>concitus</span> <span class='ocrx_word' id='word_1_183' title='bbox 630 1831 673 1890; x_wconf 90' lang='lat' dir='ltr'>ira,</span> 
     </span>
     <span class='ocr_line' id='line_1_30' title="bbox 75 1897 710 1960; baseline -0.002 -12"><span class='ocrx_word' id='word_1_184' title='bbox 75 1898 227 1948; x_wconf 83' lang='lat' dir='ltr'>Dardaniam</span> <span class='ocrx_word' id='word_1_185' title='bbox 236 1898 283 1946; x_wconf 90' lang='lat' dir='ltr'>ruit</span> <span class='ocrx_word' id='word_1_186' title='bbox 292 1899 323 1946; x_wconf 86' lang='lat' dir='ltr'>ad</span> <span class='ocrx_word' id='word_1_187' title='bbox 331 1907 435 1958; x_wconf 84' lang='lat' dir='ltr'>portam,</span> <span class='ocrx_word' id='word_1_188' title='bbox 447 1897 578 1959; x_wconf 83' lang='lat' dir='ltr'>fratresque</span> <span class='ocrx_word' id='word_1_189' title='bbox 588 1899 710 1960; x_wconf 84' lang='lat' dir='ltr'>superbos;</span> 
     </span>
    </p>

    <p class='ocr_par' dir='ltr' id='par_1_11' title="bbox 10 1963 738 2160">
     <span class='ocr_line' id='line_1_31' title="bbox 10 1963 738 2028; baseline 0 -14"><span class='ocrx_word' id='word_1_190' title='bbox 10 1979 11 2008; x_wconf 84' lang='lat'>1</span> <span class='ocrx_word' id='word_1_191' title='bbox 77 1968 111 2014; x_wconf 87' lang='lat' dir='ltr'>Et</span> <span class='ocrx_word' id='word_1_192' title='bbox 121 1966 225 2027; x_wconf 84' lang='lat' dir='ltr'>primum</span> <span class='ocrx_word' id='word_1_193' title='bbox 236 1963 400 2025; x_wconf 84' lang='lat' dir='ltr'>Antiphaten,</span> <span class='ocrx_word' id='word_1_194' title='bbox 412 1965 431 2012; x_wconf 89' lang='lat' dir='ltr'>is</span> <span class='ocrx_word' id='word_1_195' title='bbox 439 1965 504 2012; x_wconf 86' lang='lat' dir='ltr'>enim</span> <span class='ocrx_word' id='word_1_196' title='bbox 514 1964 535 2013; x_wconf 87' lang='lat' dir='ltr'>se</span> <span class='ocrx_word' id='word_1_197' title='bbox 543 1965 634 2026; x_wconf 87' lang='lat' dir='ltr'>primus</span> <span class='ocrx_word' id='word_1_198' title='bbox 644 1969 738 2028; x_wconf 80' lang='lat' dir='ltr'>agebat,</span> 
     </span>
     <span class='ocr_line' id='line_1_32' title="bbox 75 2029 666 2092; baseline -0.005 -12"><span class='ocrx_word' id='word_1_199' title='bbox 75 2031 197 2080; x_wconf 85' lang='lat' dir='ltr'>Thebana</span> <span class='ocrx_word' id='word_1_200' title='bbox 208 2033 237 2078; x_wconf 87' lang='lat' dir='ltr'>de</span> <span class='ocrx_word' id='word_1_201' title='bbox 248 2040 333 2090; x_wconf 84' lang='lat' dir='ltr'>marre,</span> <span class='ocrx_word' id='word_1_202' title='bbox 345 2029 448 2078; x_wconf 88' lang='lat' dir='ltr'>nothum</span> <span class='ocrx_word' id='word_1_203' title='bbox 460 2032 602 2092; x_wconf 82' lang='lat' dir='ltr'>Sarpedonis</span> <span class='ocrx_word' id='word_1_204' title='bbox 610 2029 666 2089; x_wconf 76' lang='lat' dir='ltr'>alti,</span> 
     </span>
     <span class='ocr_line' id='line_1_33' title="bbox 73 2093 626 2160; baseline -0.004 -14"><span class='ocrx_word' id='word_1_205' title='bbox 73 2097 193 2160; x_wconf 74' lang='lat' dir='ltr'>Conjeslo</span> <span class='ocrx_word' id='word_1_206' title='bbox 204 2094 286 2158; x_wconf 81' lang='lat' dir='ltr'>sternit</span> <span class='ocrx_word' id='word_1_207' title='bbox 291 2093 378 2158; x_wconf 75' lang='lat' dir='ltr'>jaculo.</span> <span class='ocrx_word' id='word_1_208' title='bbox 389 2095 461 2145; x_wconf 87' lang='lat' dir='ltr'>Volat</span> <span class='ocrx_word' id='word_1_209' title='bbox 470 2096 532 2145; x_wconf 83' lang='lat' dir='ltr'>Itala</span> <span class='ocrx_word' id='word_1_210' title='bbox 540 2112 626 2144; x_wconf 86' lang='lat' dir='ltr'>cornus</span> 
     </span>
    </p>

    <p class='ocr_par' dir='ltr' id='par_1_12' title="bbox 10 2159 722 2290">
     <span class='ocr_line' id='line_1_34' title="bbox 76 2159 722 2225; baseline -0.003 -13"><span class='ocrx_word' id='word_1_211' title='bbox 76 2167 146 2212; x_wconf 70' lang='lat' dir='ltr'>Adra</span> <span class='ocrx_word' id='word_1_212' title='bbox 156 2171 315 2225; x_wconf 82' lang='lat' dir='ltr'>pertenuem,</span> <span class='ocrx_word' id='word_1_213' title='bbox 328 2160 496 2224; x_wconf 86' lang='lat' dir='ltr'>stomachoque</span> <span class='ocrx_word' id='word_1_214' title='bbox 507 2164 581 2210; x_wconf 81' lang='lat' dir='ltr'>infixa</span> <span class='ocrx_word' id='word_1_215' title='bbox 592 2161 633 2214; x_wconf 87' lang='lat' dir='ltr'>sub</span> <span class='ocrx_word' id='word_1_216' title='bbox 645 2159 722 2211; x_wconf 84' lang='lat' dir='ltr'>altum</span> 
     </span>
     <span class='ocr_line' id='line_1_35' title="bbox 10 2228 697 2290; baseline 0 -12"><span class='ocrx_word' id='word_1_217' title='bbox 10 2273 15 2290; x_wconf 91' lang='grc'>,</span> <span class='ocrx_word' id='word_1_218' title='bbox 60 2251 63 2256; x_wconf 92' lang='grc'><strong><em>·</em></strong></span> <span class='ocrx_word' id='word_1_219' title='bbox 78 2231 165 2278; x_wconf 63' lang='lat' dir='ltr'>Pedius</span> <span class='ocrx_word' id='word_1_220' title='bbox 175 2229 238 2278; x_wconf 84' lang='lat' dir='ltr'>abit:</span> <span class='ocrx_word' id='word_1_221' title='bbox 258 2229 336 2278; x_wconf 87' lang='lat' dir='ltr'>reddit</span> <span class='ocrx_word' id='word_1_222' title='bbox 347 2228 428 2290; x_wconf 88' lang='lat' dir='ltr'>specus</span> <span class='ocrx_word' id='word_1_223' title='bbox 438 2229 484 2278; x_wconf 86' lang='lat' dir='ltr'>atri</span> <span class='ocrx_word' id='word_1_224' title='bbox 495 2228 597 2278; x_wconf 82' lang='lat' dir='ltr'>vulneris</span> <span class='ocrx_word' id='word_1_225' title='bbox 607 2231 697 2278; x_wconf 86' lang='lat' dir='ltr'>undam</span> 
     </span>
    </p>
   </div>
   <div class='ocr_carea' id='block_1_8' title="bbox 78 2295 893 2436">
    <p class='ocr_par' dir='ltr' id='par_1_13' title="bbox 78 2295 893 2436">
     <span class='ocr_line' id='line_1_36' title="bbox 79 2295 893 2362; baseline 0.005 -18"><span class='ocrx_word' id='word_1_226' title='bbox 79 2295 821 2362; x_wconf 81' lang='lat' dir='ltr'>Spumantem,etfixoserrunrinpulmonetepescit.[phiduum,</span> <span class='ocrx_word' id='word_1_227' title='bbox 892 2317 893 2330; x_wconf 61' lang='lat'>¹</span> 
     </span>
     <span class='ocr_line' id='line_1_37' title="bbox 78 2362 893 2436; baseline -0.001 -25"><span class='ocrx_word' id='word_1_228' title='bbox 78 2363 146 2412; x_wconf 84' lang='lat' dir='ltr'>Tum</span> <span class='ocrx_word' id='word_1_229' title='bbox 155 2365 280 2426; x_wconf 83' lang='lat' dir='ltr'>Meropem</span> <span class='ocrx_word' id='word_1_230' title='bbox 291 2373 365 2424; x_wconf 88' lang='lat' dir='ltr'>atque</span> <span class='ocrx_word' id='word_1_231' title='bbox 376 2362 527 2424; x_wconf 85' lang='lat' dir='ltr'>Erymantha</span> <span class='ocrx_word' id='word_1_232' title='bbox 538 2379 619 2424; x_wconf 88' lang='lat' dir='ltr'>mauu,</span> <span class='ocrx_word' id='word_1_233' title='bbox 633 2373 684 2414; x_wconf 91' lang='lat' dir='ltr'>tum</span> <span class='ocrx_word' id='word_1_234' title='bbox 697 2363 778 2416; x_wconf 85' lang='lat' dir='ltr'>sternit</span> <span class='ocrx_word' id='word_1_235' title='bbox 786 2370 825 2416; x_wconf 85' lang='lat' dir='ltr'>A·</span> <span class='ocrx_word' id='word_1_236' title='bbox 852 2425 860 2436; x_wconf 60' lang='lat'><em>„</em></span> <span class='ocrx_word' id='word_1_237' title='bbox 892 2393 893 2410; x_wconf 55' lang='lat'>1</span> 
     </span>
    </p>
   </div>
   <div class='ocr_carea' id='block_1_9' title="bbox 10 2428 771 2560">
    <p class='ocr_par' dir='ltr' id='par_1_14' title="bbox 10 2428 771 2560">
     <span class='ocr_line' id='line_1_38' title="bbox 10 2428 771 2492; baseline 0.005 -15"><span class='ocrx_word' id='word_1_238' title='bbox 10 2439 11 2442; x_wconf 78' lang='grc'>’</span> <span class='ocrx_word' id='word_1_239' title='bbox 78 2429 144 2478; x_wconf 83' lang='lat' dir='ltr'>Tum</span> <span class='ocrx_word' id='word_1_240' title='bbox 157 2429 235 2478; x_wconf 81' lang='lat' dir='ltr'>Bitian</span> <span class='ocrx_word' id='word_1_241' title='bbox 246 2432 367 2480; x_wconf 82' lang='lat' dir='ltr'>ardentem</span> <span class='ocrx_word' id='word_1_242' title='bbox 380 2428 461 2488; x_wconf 83' lang='lat' dir='ltr'>oculis,</span> <span class='ocrx_word' id='word_1_243' title='bbox 474 2430 605 2492; x_wconf 82' lang='lat' dir='ltr'>animisque</span> <span class='ocrx_word' id='word_1_244' title='bbox 615 2434 771 2482; x_wconf 85' lang='lat' dir='ltr'>frementem:</span> 
     </span>
     <span class='ocr_line' id='line_1_39' title="bbox 79 2494 743 2560; baseline 0.008 -16"><span class='ocrx_word' id='word_1_245' title='bbox 79 2497 140 2544; x_wconf 83' lang='lat' dir='ltr'>Non</span> <span class='ocrx_word' id='word_1_246' title='bbox 147 2494 234 2558; x_wconf 85' lang='lat' dir='ltr'>jaculo,</span> <span class='ocrx_word' id='word_1_247' title='bbox 247 2511 323 2559; x_wconf 84' lang='lat' dir='ltr'>neque</span> <span class='ocrx_word' id='word_1_248' title='bbox 334 2495 397 2545; x_wconf 86' lang='lat' dir='ltr'>enim</span> <span class='ocrx_word' id='word_1_249' title='bbox 406 2495 486 2560; x_wconf 86' lang='lat' dir='ltr'>jaculo</span> <span class='ocrx_word' id='word_1_250' title='bbox 496 2497 570 2547; x_wconf 82' lang='lat' dir='ltr'>vitam</span> <span class='ocrx_word' id='word_1_251' title='bbox 583 2497 623 2546; x_wconf 89' lang='lat' dir='ltr'>ille</span> <span class='ocrx_word' id='word_1_252' title='bbox 634 2495 743 2549; x_wconf 77' lang='lat' dir='ltr'>dedisset:</span> 
     </span>
    </p>
   </div>
   <div class='ocr_carea' id='block_1_10' title="bbox 79 2561 846 2631">
    <p class='ocr_par' dir='ltr' id='par_1_15' title="bbox 79 2561 846 2631">
     <span class='ocr_line' id='line_1_40' title="bbox 79 2561 846 2631; baseline 0.009 -21"><span class='ocrx_word' id='word_1_253' title='bbox 79 2563 250 2625; x_wconf 76' lang='lat' dir='ltr'>Sedmagnum</span> <span class='ocrx_word' id='word_1_254' title='bbox 262 2563 359 2613; x_wconf 84' lang='lat' dir='ltr'>stridens</span> <span class='ocrx_word' id='word_1_255' title='bbox 368 2573 477 2614; x_wconf 75' lang='lat' dir='ltr'>contorta</span> <span class='ocrx_word' id='word_1_256' title='bbox 487 2561 609 2626; x_wconf 77' lang='lat' dir='ltr'>phalarica</span> <span class='ocrx_word' id='word_1_257' title='bbox 619 2566 695 2625; x_wconf 78' lang='lat' dir='ltr'>venit,</span> <span class='ocrx_word' id='word_1_258' title='bbox 752 2625 753 2630; x_wconf 13' lang='lat'>¹</span> <span class='ocrx_word' id='word_1_259' title='bbox 822 2615 846 2631; x_wconf 60' lang='grc'>,,</span> 
     </span>
    </p>
   </div>
   <div class='ocr_carea' id='block_1_11' title="bbox 10 2625 741 2814">
    <p class='ocr_par' dir='ltr' id='par_1_16' title="bbox 10 2625 741 2814">
     <span class='ocr_line' id='line_1_41' title="bbox 10 2625 741 2694; baseline 0.005 -18"><span class='ocrx_word' id='word_1_260' title='bbox 10 2653 12 2658; x_wconf 85' lang='grc'><strong><em>·</em></strong></span> <span class='ocrx_word' id='word_1_261' title='bbox 78 2625 195 2678; x_wconf 77' lang='lat' dir='ltr'>Fulminis</span> <span class='ocrx_word' id='word_1_262' title='bbox 206 2632 257 2679; x_wconf 79' lang='lat' dir='ltr'>atta</span> <span class='ocrx_word' id='word_1_263' title='bbox 268 2633 355 2680; x_wconf 81' lang='lat' dir='ltr'>modo:</span> <span class='ocrx_word' id='word_1_264' title='bbox 375 2647 447 2692; x_wconf 90' lang='lat' dir='ltr'>quam</span> <span class='ocrx_word' id='word_1_265' title='bbox 460 2647 504 2681; x_wconf 86' lang='lat' dir='ltr'>nec</span> <span class='ocrx_word' id='word_1_266' title='bbox 514 2627 567 2680; x_wconf 84' lang='lat' dir='ltr'>duo</span> <span class='ocrx_word' id='word_1_267' title='bbox 573 2641 654 2682; x_wconf 82' lang='lat' dir='ltr'>taurea</span> <span class='ocrx_word' id='word_1_268' title='bbox 665 2641 741 2694; x_wconf 82' lang='lat' dir='ltr'>terga,</span> 
     </span>
     <span class='ocr_line' id='line_1_42' title="bbox 79 2693 611 2814; baseline 0.006 -70"><span class='ocrx_word' id='word_1_269' title='bbox 79 2696 132 2744; x_wconf 84' lang='lat' dir='ltr'>Noe</span> <span class='ocrx_word' id='word_1_270' title='bbox 142 2693 230 2759; x_wconf 87' lang='lat' dir='ltr'>duplici</span> <span class='ocrx_word' id='word_1_271' title='bbox 236 2697 339 2762; x_wconf 66' lang='lat' dir='ltr'>&#39;sqrrarna</span> <span class='ocrx_word' id='word_1_272' title='bbox 351 2695 421 2748; x_wconf 85' lang='lat' dir='ltr'>lorica</span> <span class='ocrx_word' id='word_1_273' title='bbox 432 2697 507 2814; x_wconf 50' lang='lat' dir='ltr'>iiidie</span> <span class='ocrx_word' id='word_1_274' title='bbox 517 2707 542 2748; x_wconf 80' lang='lat' dir='ltr'>et</span> <span class='ocrx_word' id='word_1_275' title='bbox 553 2713 611 2748; x_wconf 79' lang='lat' dir='ltr'>auro</span> 
     </span>
    </p>
   </div>
   <div class='ocr_carea' id='block_1_12' title="bbox 0 0 909 2912">
    <p class='ocr_par' dir='ltr' id='par_1_17' title="bbox 0 0 909 2912">
     <span class='ocr_line' id='line_1_43' title="bbox 0 0 909 2912; baseline 0 0"><span class='ocrx_word' id='word_1_276' title='bbox 0 0 909 2912; x_wconf 95' lang='lat' dir='ltr'> </span> 
     </span>
    </p>
   </div>
  </div>
 </body>
</html>
