1818 2914
174 84 620 156 aerumnosarum.
665 82 722 144 803.
769 95 815 142 205

73 185 157 247 Liber,
167 181 238 250 agens
246 185 305 238 celso
313 187 426 246 Nysaede
434 185 607 246 verticetigres.
889 159 892 262 i

75 256 109 302 Et
121 256 257 308 dubitamus
267 255 344 304 adhuc
355 253 466 302 virtutem
478 255 605 302 extendere
617 248 698 302 sadis?

75 323 131 370 Aut
143 333 220 371 metus
228 321 334 370 Ausrrrria
343 320 453 383 prohibet
462 309 582 368 consistere
592 317 670 368 terra?
694 321 695 328 ’
890 263 892 376 i

891 397 892 424 i

109 388 171 451 Quis
179 389 261 451 procul
269 387 308 437 iile
315 398 395 437 autem
403 387 474 436 ramis
486 385 581 448 insignis
587 383 673 446 olivae,

74 456 146 502 Sacra
157 454 248 504 serens?
267 457 337 504 nosco
346 455 421 503 crines
429 454 560 515 incanaque
571 462 656 502 menta

76 521 150 582 Regis
160 523 277 580 Romani3
298 523 389 584 primus
399 521 442 584 qui
453 518 540 581 tegibus
550 522 634 569 urbem

74 589 202 649 Fundabit,
216 591 317 638 Curibus
328 587 439 650 paniset
448 601 548 649 paupere
559 595 626 636 terra
699 646 700 650 Ἰ

73 651 158 703 Missus
169 656 194 703 in
202 656 329 717 imperium
339 669 467 717 magnum:
486 653 524 702 cui
536 653 620 702 deinde
631 651 726 713 subibit,
765 651 771 662 ’

74 719 133 770 Otia
142 723 185 783 qui
196 731 290 783 rumpet
299 722 397 784 patriae,
410 719 537 782 refidesque
548 721 653 770 movebit

71 785 161 836 Tullus
168 787 195 836 in
206 805 271 836 arma
283 788 352 846 viros,
364 798 389 837 et
398 791 446 849 jam
461 788 553 836 desueta
565 787 693 847 triumphis

72 854 191 914 Agmina.
211 857 288 920 Qrem
298 855 369 918 juxta
380 855 484 915 sequitur
492 854 723 916 jactantiorAncus3

72 923 146 970 Nunc
154 939 249 984 quoque
257 923 307 985 jam
318 922 418 970 nimium
429 923 532 981 gaudens
543 918 695 981 popularibus
703 922 771 968 auris.

71 987 114 1035 Vis
124 998 148 1037 et
157 990 302 1050 Tarquinios
313 1005 386 1049 reges,
399 984 551 1048 animamque
563 987 685 1050 superbam
782 985 785 992 ’

73 1051 166 1102 Ultoris
179 1057 251 1114 Bruti,
266 1055 383 1116 fascesque
394 1055 471 1102 videre
483 1053 604 1115 receptos?

72 1119 182 1170 Consulis
194 1122 317 1184 imperium
331 1121 370 1170 hic
379 1122 477 1184 primus,
492 1121 613 1183 saevasque
625 1120 712 1170 secures

72 1187 199 1248 Accipiet:
219 1190 333 1251 natosque
345 1200 420 1250 pater,
431 1205 492 1236 noua
505 1188 707 1249 bellaturoventes,

72 1255 114 1302 Ad
127 1271 228 1314 poenam
239 1255 336 1317 pulchra
345 1274 389 1318 pro
400 1255 510 1304 libertate
519 1258 623 1314 vocabit,

72 1320 166 1369 Infelix.
176 1353 179 1360 ·
188 1327 315 1384 Utcunque
327 1327 403 1371 ferent
412 1341 438 1371 ea
448 1326 510 1371 fasta
522 1324 634 1382 minores,

15 1429 16 1432 ,
71 1387 154 1436 Vincet
165 1405 233 1438 antor
244 1391 343 1450 patriae,
356 1389 499 1450 laudumque
511 1390 625 1438 immensa
635 1391 729 1452 cupido.
798 1391 816 1420 ·'

71 1454 139 1518 Qin
147 1456 245 1509 Decios,
256 1455 390 1514 Drusosque
401 1451 493 1514 procus,
505 1456 643 1514 saevumque
655 1459 725 1505 securi

68 1519 160 1580 Aspice
168 1521 331 1578 Torquatum,
343 1529 367 1565 et
377 1522 515 1565 referentem
529 1519 591 1579 signa
601 1519 738 1570 Camillum.

69 1585 129 1634 ulae
137 1593 230 1641 autem,
240 1582 335 1643 paribus
344 1599 403 1644 quas
411 1583 498 1643 fulgere
507 1585 581 1632 cernis
589 1585 614 1632 in
626 1587 706 1645 armis,

70 1652 209 1712 Concordes
217 1650 311 1698 animae
318 1665 381 1697 nunc
393 1659 416 1698 et
426 1653 483 1698 dum
493 1653 561 1698 noste
570 1663 716 1712 prementur,

15 1715 16 1720 ’
70 1720 123 1767 lieu
135 1729 256 1780 quantum
268 1716 361 1765 intense
373 1716 469 1775 bellum,
483 1716 498 1765 fi
510 1716 600 1766 lumina
611 1721 673 1767 vitae

70 1785 217 1847 Attigerint,
230 1794 332 1846 quantas
343 1787 403 1835 acies
415 1784 561 1848 stragemque
572 1786 677 1836 ciebunt!
708 1841 712 1848 ,

70 1851 204 1913 Aggeribus
214 1851 278 1900 socer
285 1850 392 1913 Alpinis,
405 1863 477 1915 atque
489 1869 540 1902 arce
551 1854 662 1902 Monoeci

70 1918 230 1977 Descendens,
242 1934 312 1980 gener
322 1919 420 1970 adversis
431 1919 555 1970 instructus
565 1925 631 1969 Eois.

71 1987 119 2044 Ne,
132 1985 207 2047 pueri,
219 2001 250 2032 ne
260 1995 329 2034 tanta
339 1988 426 2034 animis
434 1986 549 2037 assuescite
558 1986 633 2046 heila3

71 2053 125 2100 Neu
135 2053 226 2113 patriae
236 2050 326 2100 validas
333 2054 359 2100 in
368 2053 453 2100 uiscera
464 2058 549 2103 vertite
557 2055 626 2101 sires.
654 2083 658 2090 -

69 2119 156 2180 Tuque
164 2118 240 2180 prior,
253 2129 279 2167 tn
292 2133 369 2180 parce,
381 2135 454 2179 genus
462 2121 504 2180 qui
515 2121 580 2168 ducis
590 2118 710 2180 Olympo:

70 2183 220 2246 Projieotela
230 2201 314 2244 manu,
324 2185 415 2244 sanguis
427 2202 501 2234 meus.
678 2186 682 2188 ’

69 2249 113 2298 llle
124 2251 271 2314 triumphata
282 2247 402 2313 Capitolia
412 2254 442 2300 ad
453 2251 502 2300 alta
512 2251 629 2301 Corintho

68 2317 150 2372 Vissor
160 2319 214 2378 acet
224 2333 328 2377 currum,
340 2317 410 2368 caesis
419 2318 514 2380 insignis
523 2319 631 2368 Achivis.

68 2385 143 2432 Eruet
154 2382 193 2442 ille
201 2387 291 2447 Argos,
304 2386 553 2448 Agamemnoniasque
563 2389 685 2448 Mycenas,

68 2449 195 2512 ipsumque
203 2453 334 2510 Aeaciden,
346 2467 419 2512 genus
429 2453 596 2514 armipotentis
604 2455 721 2515 Achillei3
796 2481 800 2488 ·

68 2515 143 2566 Ultus
152 2519 312 2582 aeosTrojae,
322 2517 414 2581 templa
425 2529 449 2569 et
461 2529 576 2570 temerata
584 2523 715 2571 Minervae.

69 2583 133 2648 Qis
141 2591 177 2642 te,
189 2599 274 2646 magne
286 2589 357 2644 Cato,
367 2585 476 2647 taciturn,
487 2597 529 2637 aut
540 2597 574 2646 te,
587 2585 663 2647 Cosse,
676 2588 810 2649 relinquat?

71 2649 132 2714 Quis
141 2647 244 2698 Gruechi
254 2667 335 2714 genus,
347 2662 388 2701 aut
400 2654 514 2715 geminos,
527 2656 574 2703 duo
582 2652 684 2708 fulmina
693 2653 757 2714 belii,

68 2716 200 2779 Scipiadas,
210 2714 414 2783 clademlaipqaei
433 2737 553 2785 paruoque
563 2730 689 2784 potentem
760 2773 761 2776 ,
