<?xml version="1.0" encoding="UTF-8"?>
<!DOCTYPE html PUBLIC "-//W3C//DTD XHTML 1.0 Transitional//EN"
    "http://www.w3.org/TR/xhtml1/DTD/xhtml1-transitional.dtd">
<html xmlns="http://www.w3.org/1999/xhtml" xml:lang="en" lang="en">
 <head>
  <title>
</title>
<meta http-equiv="Content-Type" content="text/html;charset=utf-8" />
  <meta name='ocr-system' content='tesseract 3.04.00' />
  <meta name='ocr-capabilities' content='ocr_page ocr_carea ocr_par ocr_line ocrx_word'/>
</head>
<body>
  <div class='ocr_page' id='page_1' title='image "./bucolicageorgic03virggoog/bucolicageorgic03virggoog_0318.png"; bbox 0 0 1806 2912; ppageno 0'>
   <div class='ocr_carea' id='block_1_1' title="bbox 87 37 751 116">
    <p class='ocr_par' dir='ltr' id='par_1_1' title="bbox 87 37 751 116">
     <span class='ocr_line' id='line_1_1' title="bbox 87 37 751 116; baseline 0.008 -19"><span class='ocrx_word' id='word_1_1' title='bbox 87 61 138 109; x_wconf 75' lang='lat'><strong>324</strong></span> <span class='ocrx_word' id='word_1_2' title='bbox 185 52 441 102; x_wconf 71' lang='lat' dir='ltr'><strong>nsuuruos</strong></span> <span class='ocrx_word' id='word_1_3' title='bbox 472 51 557 98; x_wconf 75' lang='lat' dir='ltr'><strong>urs.</strong></span> <span class='ocrx_word' id='word_1_4' title='bbox 586 51 642 100; x_wconf 86' lang='lat' dir='ltr'><strong>xu.</strong></span> <span class='ocrx_word' id='word_1_5' title='bbox 694 37 751 116; x_wconf 62' lang='lat'><strong>294.</strong></span> 
     </span>
    </p>
   </div>
   <div class='ocr_carea' id='block_1_2' title="bbox 86 145 629 210">
    <p class='ocr_par' dir='ltr' id='par_1_2' title="bbox 86 145 629 210">
     <span class='ocr_line' id='line_1_2' title="bbox 86 145 629 210; baseline -0.004 -14"><span class='ocrx_word' id='word_1_6' title='bbox 86 146 218 209; x_wconf 79' lang='lat' dir='ltr'>Messapus,</span> <span class='ocrx_word' id='word_1_7' title='bbox 228 148 329 210; x_wconf 83' lang='lat' dir='ltr'><strong>teloque</strong></span> <span class='ocrx_word' id='word_1_8' title='bbox 340 159 444 198; x_wconf 79' lang='lat' dir='ltr'><strong>orantem</strong></span> <span class='ocrx_word' id='word_1_9' title='bbox 457 145 532 194; x_wconf 88' lang='lat' dir='ltr'><strong>multa</strong></span> <span class='ocrx_word' id='word_1_10' title='bbox 545 147 629 195; x_wconf 81' lang='lat' dir='ltr'><strong>trabali</strong></span> 
     </span>
    </p>
   </div>
   <div class='ocr_carea' id='block_1_3' title="bbox 84 203 890 278">
    <p class='ocr_par' dir='ltr' id='par_1_3' title="bbox 84 203 890 278">
     <span class='ocr_line' id='line_1_3' title="bbox 84 203 890 278; baseline -0.002 -14"><span class='ocrx_word' id='word_1_11' title='bbox 84 214 193 273; x_wconf 81' lang='lat' dir='ltr'><strong>Desuper</strong></span> <span class='ocrx_word' id='word_1_12' title='bbox 203 215 266 264; x_wconf 86' lang='lat' dir='ltr'><strong>altus</strong></span> <span class='ocrx_word' id='word_1_13' title='bbox 276 231 338 278; x_wconf 85' lang='lat' dir='ltr'><strong>equo</strong></span> <span class='ocrx_word' id='word_1_14' title='bbox 348 213 449 274; x_wconf 79' lang='lat' dir='ltr'><strong>graviter</strong></span> <span class='ocrx_word' id='word_1_15' title='bbox 459 213 523 270; x_wconf 83' lang='lat' dir='ltr'><strong>serit,</strong></span> <span class='ocrx_word' id='word_1_16' title='bbox 534 223 607 273; x_wconf 87' lang='lat' dir='ltr'><strong>atque</strong></span> <span class='ocrx_word' id='word_1_17' title='bbox 618 213 651 262; x_wconf 88' lang='lat' dir='ltr'><strong>ita</strong></span> <span class='ocrx_word' id='word_1_18' title='bbox 663 215 741 262; x_wconf 80' lang='lat' dir='ltr'><strong>satur:</strong></span> <span class='ocrx_word' id='word_1_19' title='bbox 762 257 765 261; x_wconf 81' lang='grc'>.</span> <span class='ocrx_word' id='word_1_20' title='bbox 791 205 796 217; x_wconf 76' lang='grc'>’</span> <span class='ocrx_word' id='word_1_21' title='bbox 889 203 890 210; x_wconf 33' lang='lat'>¹</span> 
     </span>
    </p>
   </div>
   <div class='ocr_carea' id='block_1_4' title="bbox 77 277 762 1204">
    <p class='ocr_par' dir='ltr' id='par_1_4' title="bbox 77 277 762 1136">
     <span class='ocr_line' id='line_1_4' title="bbox 84 277 762 338; baseline 0.006 -12"><span class='ocrx_word' id='word_1_22' title='bbox 84 283 138 330; x_wconf 84' lang='lat' dir='ltr'><strong>Hoc</strong></span> <span class='ocrx_word' id='word_1_23' title='bbox 147 279 233 332; x_wconf 86' lang='lat' dir='ltr'><strong>babet:</strong></span> <span class='ocrx_word' id='word_1_24' title='bbox 252 281 310 328; x_wconf 83' lang='lat' dir='ltr'><strong>haec</strong></span> <span class='ocrx_word' id='word_1_25' title='bbox 316 278 400 326; x_wconf 88' lang='lat' dir='ltr'><strong>melior</strong></span> <span class='ocrx_word' id='word_1_26' title='bbox 410 279 501 338; x_wconf 79' lang='lat' dir='ltr'><strong>magnis</strong></span> <span class='ocrx_word' id='word_1_27' title='bbox 512 277 570 326; x_wconf 85' lang='lat' dir='ltr'><strong>data</strong></span> <span class='ocrx_word' id='word_1_28' title='bbox 580 279 674 326; x_wconf 75' lang='lat' dir='ltr'><strong>victima</strong></span> <span class='ocrx_word' id='word_1_29' title='bbox 683 281 762 330; x_wconf 76' lang='lat' dir='ltr'><strong>Divis.</strong></span> 
     </span>
     <span class='ocr_line' id='line_1_5' title="bbox 84 342 706 404; baseline 0.003 -12"><span class='ocrx_word' id='word_1_30' title='bbox 84 349 236 399; x_wconf 79' lang='lat' dir='ltr'>Concurrunt</span> <span class='ocrx_word' id='word_1_31' title='bbox 248 343 309 401; x_wconf 83' lang='lat' dir='ltr'><strong>Itali,</strong></span> <span class='ocrx_word' id='word_1_32' title='bbox 321 343 469 404; x_wconf 80' lang='lat' dir='ltr'><strong>spoliantque</strong></span> <span class='ocrx_word' id='word_1_33' title='bbox 480 342 580 392; x_wconf 82' lang='lat' dir='ltr'><strong>calentia</strong></span> <span class='ocrx_word' id='word_1_34' title='bbox 592 348 706 394; x_wconf 84' lang='lat' dir='ltr'><strong>membra.</strong></span> 
     </span>
     <span class='ocr_line' id='line_1_6' title="bbox 84 410 660 462; baseline -0.003 -2"><span class='ocrx_word' id='word_1_35' title='bbox 84 413 176 462; x_wconf 77' lang='lat' dir='ltr'><strong>Obuius</strong></span> <span class='ocrx_word' id='word_1_36' title='bbox 186 410 315 462; x_wconf 79' lang='lat' dir='ltr'><strong>ambustum</strong></span> <span class='ocrx_word' id='word_1_37' title='bbox 325 419 412 458; x_wconf 83' lang='lat' dir='ltr'><strong>torrem</strong></span> <span class='ocrx_word' id='word_1_38' title='bbox 424 411 568 458; x_wconf 84' lang='lat' dir='ltr'><strong>Chorinaeus</strong></span> <span class='ocrx_word' id='word_1_39' title='bbox 579 411 608 458; x_wconf 88' lang='lat' dir='ltr'><strong>ab</strong></span> <span class='ocrx_word' id='word_1_40' title='bbox 620 427 660 458; x_wconf 85' lang='lat' dir='ltr'><strong>ara</strong></span> 
     </span>
     <span class='ocr_line' id='line_1_7' title="bbox 84 475 694 540; baseline -0.003 -14"><span class='ocrx_word' id='word_1_41' title='bbox 84 479 198 540; x_wconf 82' lang='lat' dir='ltr'><strong>Corripit,</strong></span> <span class='ocrx_word' id='word_1_42' title='bbox 211 491 234 526; x_wconf 84' lang='lat' dir='ltr'><strong>et</strong></span> <span class='ocrx_word' id='word_1_43' title='bbox 243 477 346 524; x_wconf 85' lang='lat' dir='ltr'><strong>venienti</strong></span> <span class='ocrx_word' id='word_1_44' title='bbox 354 477 443 534; x_wconf 84' lang='lat' dir='ltr'>Ebuso,</span> <span class='ocrx_word' id='word_1_45' title='bbox 456 475 596 538; x_wconf 77' lang='lat' dir='ltr'>plagamque</span> <span class='ocrx_word' id='word_1_46' title='bbox 609 476 694 524; x_wconf 86' lang='lat' dir='ltr'><strong>ferenti</strong></span> 
     </span>
     <span class='ocr_line' id='line_1_8' title="bbox 84 535 696 606; baseline -0.003 -14"><span class='ocrx_word' id='word_1_47' title='bbox 84 548 191 606; x_wconf 76' lang='lat' dir='ltr'><strong>Occupat</strong></span> <span class='ocrx_word' id='word_1_48' title='bbox 202 559 228 590; x_wconf 91' lang='lat' dir='ltr'><strong>os</strong></span> <span class='ocrx_word' id='word_1_49' title='bbox 236 535 345 597; x_wconf 63' lang='lat' dir='ltr'><strong>fliminis,</strong></span> <span class='ocrx_word' id='word_1_50' title='bbox 364 541 415 590; x_wconf 85' lang='lat' dir='ltr'><strong>olli</strong></span> <span class='ocrx_word' id='word_1_51' title='bbox 424 543 505 604; x_wconf 83' lang='lat' dir='ltr'><strong>ingens</strong></span> <span class='ocrx_word' id='word_1_52' title='bbox 517 545 589 599; x_wconf 85' lang='lat' dir='ltr'><strong>barba</strong></span> <span class='ocrx_word' id='word_1_53' title='bbox 599 536 696 600; x_wconf 78' lang='lat' dir='ltr'><strong>reluxit,</strong></span> 
     </span>
     <span class='ocr_line' id='line_1_9' title="bbox 82 607 694 670; baseline -0.007 -10"><span class='ocrx_word' id='word_1_54' title='bbox 82 607 357 670; x_wconf 83' lang='lat' dir='ltr'><strong>Nidorcmqueambusta</strong></span> <span class='ocrx_word' id='word_1_55' title='bbox 368 609 442 659; x_wconf 87' lang='lat' dir='ltr'><strong>dedit.</strong></span> <span class='ocrx_word' id='word_1_56' title='bbox 461 612 535 669; x_wconf 84' lang='lat' dir='ltr'><strong>Super</strong></span> <span class='ocrx_word' id='word_1_57' title='bbox 546 609 593 668; x_wconf 86' lang='lat' dir='ltr'><strong>ipse</strong></span> <span class='ocrx_word' id='word_1_58' title='bbox 604 608 694 657; x_wconf 90' lang='lat' dir='ltr'><strong>secutus</strong></span> 
     </span>
     <span class='ocr_line' id='line_1_10' title="bbox 82 658 670 736; baseline -0.005 -11"><span class='ocrx_word' id='word_1_59' title='bbox 82 676 210 724; x_wconf 85' lang='lat' dir='ltr'><strong>Caesariem</strong></span> <span class='ocrx_word' id='word_1_60' title='bbox 222 672 287 722; x_wconf 83' lang='lat' dir='ltr'><strong>laeva</strong></span> <span class='ocrx_word' id='word_1_61' title='bbox 295 677 387 725; x_wconf 87' lang='lat' dir='ltr'><strong>turbati</strong></span> <span class='ocrx_word' id='word_1_62' title='bbox 397 675 494 736; x_wconf 87' lang='lat' dir='ltr'><strong>corripit</strong></span> <span class='ocrx_word' id='word_1_63' title='bbox 505 673 587 732; x_wconf 89' lang='lat' dir='ltr'><strong>bostis,</strong></span> <span class='ocrx_word' id='word_1_64' title='bbox 657 658 670 689; x_wconf 56' lang='grc' dir='ltr'><em>Ι</em></span> 
     </span>
     <span class='ocr_line' id='line_1_11' title="bbox 80 737 714 803; baseline 0.002 -14"><span class='ocrx_word' id='word_1_65' title='bbox 80 737 238 803; x_wconf 84' lang='lat' dir='ltr'><strong>Impresloque</strong></span> <span class='ocrx_word' id='word_1_66' title='bbox 250 758 310 802; x_wconf 81' lang='lat' dir='ltr'><strong>genu</strong></span> <span class='ocrx_word' id='word_1_67' title='bbox 322 741 411 802; x_wconf 88' lang='lat' dir='ltr'><strong>nitens,</strong></span> <span class='ocrx_word' id='word_1_68' title='bbox 423 739 612 802; x_wconf 70' lang='lat' dir='ltr'><strong>terraeapplicat</strong></span> <span class='ocrx_word' id='word_1_69' title='bbox 625 740 714 802; x_wconf 84' lang='lat' dir='ltr'><strong>ipsum:</strong></span> 
     </span>
     <span class='ocr_line' id='line_1_12' title="bbox 81 805 662 870; baseline -0.003 -14"><span class='ocrx_word' id='word_1_70' title='bbox 81 807 119 856; x_wconf 90' lang='lat' dir='ltr'><strong>Sic</strong></span> <span class='ocrx_word' id='word_1_71' title='bbox 128 809 202 870; x_wconf 84' lang='lat' dir='ltr'><strong>rigido</strong></span> <span class='ocrx_word' id='word_1_72' title='bbox 213 807 275 856; x_wconf 88' lang='lat' dir='ltr'><strong>latus</strong></span> <span class='ocrx_word' id='word_1_73' title='bbox 285 806 339 857; x_wconf 86' lang='lat' dir='ltr'><strong>ense</strong></span> <span class='ocrx_word' id='word_1_74' title='bbox 350 811 413 858; x_wconf 88' lang='lat' dir='ltr'><strong>serit.</strong></span> <span class='ocrx_word' id='word_1_75' title='bbox 433 809 564 858; x_wconf 79' lang='lat' dir='ltr'><strong>Podalirius</strong></span> <span class='ocrx_word' id='word_1_76' title='bbox 572 805 662 858; x_wconf 59' lang='lat' dir='ltr'><strong>Alsum*</strong></span> 
     </span>
     <span class='ocr_line' id='line_1_13' title="bbox 80 871 644 938; baseline -0.002 -16"><span class='ocrx_word' id='word_1_77' title='bbox 80 871 209 932; x_wconf 80' lang='lat' dir='ltr'><strong>Pastorem,</strong></span> <span class='ocrx_word' id='word_1_78' title='bbox 221 875 346 937; x_wconf 86' lang='lat' dir='ltr'><strong>primaque</strong></span> <span class='ocrx_word' id='word_1_79' title='bbox 357 877 405 926; x_wconf 83' lang='lat' dir='ltr'><strong>atie</strong></span> <span class='ocrx_word' id='word_1_80' title='bbox 416 893 458 938; x_wconf 89' lang='lat' dir='ltr'><strong>per</strong></span> <span class='ocrx_word' id='word_1_81' title='bbox 469 875 516 924; x_wconf 90' lang='lat' dir='ltr'><strong>tela</strong></span> <span class='ocrx_word' id='word_1_82' title='bbox 527 885 644 932; x_wconf 86' lang='lat' dir='ltr'><strong>ruentem,</strong></span> 
     </span>
     <span class='ocr_line' id='line_1_14' title="bbox 78 939 660 1004; baseline -0.002 -15"><span class='ocrx_word' id='word_1_83' title='bbox 78 941 139 989; x_wconf 84' lang='lat' dir='ltr'>Ense</span> <span class='ocrx_word' id='word_1_84' title='bbox 147 939 246 1002; x_wconf 87' lang='lat' dir='ltr'><strong>sequeus</strong></span> <span class='ocrx_word' id='word_1_85' title='bbox 254 943 319 990; x_wconf 74' lang='lat' dir='ltr'><strong>nrtdo</strong></span> <span class='ocrx_word' id='word_1_86' title='bbox 330 943 520 1004; x_wconf 84' lang='lat' dir='ltr'><strong>superimminet:</strong></span> <span class='ocrx_word' id='word_1_87' title='bbox 541 939 579 990; x_wconf 91' lang='lat' dir='ltr'><strong>ille</strong></span> <span class='ocrx_word' id='word_1_88' title='bbox 588 941 660 990; x_wconf 87' lang='lat' dir='ltr'><strong>securi</strong></span> 
     </span>
     <span class='ocr_line' id='line_1_15' title="bbox 78 1003 677 1071; baseline 0.002 -15"><span class='ocrx_word' id='word_1_89' title='bbox 78 1006 178 1056; x_wconf 78' lang='lat' dir='ltr'><strong>Adversa</strong></span> <span class='ocrx_word' id='word_1_90' title='bbox 191 1010 296 1062; x_wconf 75' lang='lat' dir='ltr'><strong>frontem</strong></span> <span class='ocrx_word' id='word_1_91' title='bbox 306 1011 410 1060; x_wconf 84' lang='lat' dir='ltr'><strong>mediam</strong></span> <span class='ocrx_word' id='word_1_92' title='bbox 418 1020 575 1071; x_wconf 86' lang='lat' dir='ltr'><strong>mentumque</strong></span> <span class='ocrx_word' id='word_1_93' title='bbox 583 1003 677 1058; x_wconf 70' lang='lat' dir='ltr'><strong>re&#39;duEla</strong></span> 
     </span>
     <span class='ocr_line' id='line_1_16' title="bbox 77 1073 611 1136; baseline 0.002 -14"><span class='ocrx_word' id='word_1_94' title='bbox 77 1073 185 1135; x_wconf 83' lang='lat' dir='ltr'><strong>Disjicit,</strong></span> <span class='ocrx_word' id='word_1_95' title='bbox 198 1083 222 1124; x_wconf 88' lang='lat' dir='ltr'><strong>et</strong></span> <span class='ocrx_word' id='word_1_96' title='bbox 229 1075 311 1136; x_wconf 88' lang='lat' dir='ltr'><strong>sparso</strong></span> <span class='ocrx_word' id='word_1_97' title='bbox 320 1073 368 1126; x_wconf 89' lang='lat' dir='ltr'><strong>late</strong></span> <span class='ocrx_word' id='word_1_98' title='bbox 377 1077 438 1136; x_wconf 80' lang='lat' dir='ltr'><strong>rigat</strong></span> <span class='ocrx_word' id='word_1_99' title='bbox 446 1093 512 1125; x_wconf 87' lang='lat' dir='ltr'><strong>arma</strong></span> <span class='ocrx_word' id='word_1_100' title='bbox 523 1091 611 1136; x_wconf 78' lang='lat' dir='ltr'><strong>cruore.</strong></span> 
     </span>
    </p>

    <p class='ocr_par' dir='ltr' id='par_1_5' title="bbox 80 1136 592 1204">
     <span class='ocr_line' id='line_1_17' title="bbox 80 1136 592 1204; baseline 0.004 -18"><span class='ocrx_word' id='word_1_101' title='bbox 80 1136 129 1186; x_wconf 84' lang='lat' dir='ltr'><strong>olli</strong></span> <span class='ocrx_word' id='word_1_102' title='bbox 142 1141 202 1190; x_wconf 75' lang='lat' dir='ltr'><strong>dura</strong></span> <span class='ocrx_word' id='word_1_103' title='bbox 213 1142 279 1202; x_wconf 87' lang='lat' dir='ltr'><strong>quies</strong></span> <span class='ocrx_word' id='word_1_104' title='bbox 290 1141 378 1200; x_wconf 90' lang='lat' dir='ltr'><strong>oculos,</strong></span> <span class='ocrx_word' id='word_1_105' title='bbox 391 1153 414 1204; x_wconf 85' lang='lat' dir='ltr'><strong>et</strong></span> <span class='ocrx_word' id='word_1_106' title='bbox 427 1145 514 1190; x_wconf 86' lang='lat' dir='ltr'><strong>ferreus</strong></span> <span class='ocrx_word' id='word_1_107' title='bbox 525 1151 592 1200; x_wconf 78' lang='lat' dir='ltr'><strong>urget</strong></span> 
     </span>
    </p>
   </div>
   <div class='ocr_carea' id='block_1_5' title="bbox 79 1205 811 1265">
    <p class='ocr_par' dir='ltr' id='par_1_6' title="bbox 79 1205 811 1265">
     <span class='ocr_line' id='line_1_18' title="bbox 79 1205 811 1265; baseline -0.003 -11"><span class='ocrx_word' id='word_1_108' title='bbox 79 1207 195 1265; x_wconf 84' lang='lat' dir='ltr'><strong>Somnus3</strong></span> <span class='ocrx_word' id='word_1_109' title='bbox 216 1207 241 1255; x_wconf 89' lang='lat' dir='ltr'><strong>in</strong></span> <span class='ocrx_word' id='word_1_110' title='bbox 253 1217 372 1256; x_wconf 88' lang='lat' dir='ltr'><strong>aeternam</strong></span> <span class='ocrx_word' id='word_1_111' title='bbox 385 1206 525 1258; x_wconf 87' lang='lat' dir='ltr'><strong>clauduntur</strong></span> <span class='ocrx_word' id='word_1_112' title='bbox 535 1205 625 1253; x_wconf 82' lang='lat' dir='ltr'><strong>lumina</strong></span> <span class='ocrx_word' id='word_1_113' title='bbox 637 1205 740 1252; x_wconf 76' lang='lat' dir='ltr'><strong>nostem.</strong></span> <span class='ocrx_word' id='word_1_114' title='bbox 808 1215 811 1222; x_wconf 95' lang='grc'><strong>’</strong></span> 
     </span>
    </p>
   </div>
   <div class='ocr_carea' id='block_1_6' title="bbox 55 1269 760 1668">
    <p class='ocr_par' dir='ltr' id='par_1_7' title="bbox 55 1269 760 1668">
     <span class='ocr_line' id='line_1_19' title="bbox 111 1269 689 1333; baseline -0.005 -13"><span class='ocrx_word' id='word_1_115' title='bbox 111 1277 150 1320; x_wconf 87' lang='lat' dir='ltr'><strong>At</strong></span> <span class='ocrx_word' id='word_1_116' title='bbox 161 1274 213 1333; x_wconf 90' lang='lat' dir='ltr'><strong>pius</strong></span> <span class='ocrx_word' id='word_1_117' title='bbox 222 1277 318 1320; x_wconf 87' lang='lat' dir='ltr'><strong>Aeneas</strong></span> <span class='ocrx_word' id='word_1_118' title='bbox 329 1276 437 1320; x_wconf 84' lang='lat' dir='ltr'><strong>dextram</strong></span> <span class='ocrx_word' id='word_1_119' title='bbox 450 1269 561 1320; x_wconf 75' lang='lat' dir='ltr'><strong>tendebat</strong></span> <span class='ocrx_word' id='word_1_120' title='bbox 573 1271 689 1317; x_wconf 85' lang='lat' dir='ltr'><strong>inermem</strong></span> 
     </span>
     <span class='ocr_line' id='line_1_20' title="bbox 78 1335 647 1400; baseline -0.009 -14"><span class='ocrx_word' id='word_1_121' title='bbox 78 1337 177 1388; x_wconf 85' lang='lat' dir='ltr'><strong>Nudato</strong></span> <span class='ocrx_word' id='word_1_122' title='bbox 186 1340 272 1400; x_wconf 86' lang='lat' dir='ltr'><strong>capite,</strong></span> <span class='ocrx_word' id='word_1_123' title='bbox 285 1348 356 1400; x_wconf 86' lang='lat' dir='ltr'><strong>atque</strong></span> <span class='ocrx_word' id='word_1_124' title='bbox 368 1339 419 1386; x_wconf 91' lang='lat' dir='ltr'><strong>suos</strong></span> <span class='ocrx_word' id='word_1_125' title='bbox 428 1335 529 1386; x_wconf 83' lang='lat' dir='ltr'><strong>clamore</strong></span> <span class='ocrx_word' id='word_1_126' title='bbox 540 1337 647 1385; x_wconf 84' lang='lat' dir='ltr'><strong>vocabat.</strong></span> 
     </span>
     <span class='ocr_line' id='line_1_21' title="bbox 78 1397 760 1468; baseline -0.007 -16"><span class='ocrx_word' id='word_1_127' title='bbox 78 1405 135 1468; x_wconf 79' lang='lat' dir='ltr'><strong>Quo</strong></span> <span class='ocrx_word' id='word_1_128' title='bbox 143 1404 226 1454; x_wconf 78' lang='lat' dir='ltr'><strong>ruitis?</strong></span> <span class='ocrx_word' id='word_1_129' title='bbox 245 1421 333 1466; x_wconf 85' lang='lat' dir='ltr'><strong>quaeve</strong></span> <span class='ocrx_word' id='word_1_130' title='bbox 342 1403 384 1452; x_wconf 86' lang='lat' dir='ltr'><strong>isla</strong></span> <span class='ocrx_word' id='word_1_131' title='bbox 393 1403 475 1464; x_wconf 79' lang='lat' dir='ltr'><strong>repens</strong></span> <span class='ocrx_word' id='word_1_132' title='bbox 483 1403 596 1454; x_wconf 85' lang='lat' dir='ltr'><strong>discordia</strong></span> <span class='ocrx_word' id='word_1_133' title='bbox 607 1397 693 1461; x_wconf 74' lang='lat' dir='ltr'><strong>surgit!</strong></span> <span class='ocrx_word' id='word_1_134' title='bbox 756 1418 760 1423; x_wconf 92' lang='grc'><em>·</em></span> 
     </span>
     <span class='ocr_line' id='line_1_22' title="bbox 79 1468 675 1534; baseline -0.013 -13"><span class='ocrx_word' id='word_1_135' title='bbox 79 1475 102 1521; x_wconf 93' lang='lat' dir='ltr'>O</span> <span class='ocrx_word' id='word_1_136' title='bbox 115 1471 223 1520; x_wconf 88' lang='lat' dir='ltr'><strong>cohibete</strong></span> <span class='ocrx_word' id='word_1_137' title='bbox 232 1469 287 1519; x_wconf 85' lang='lat' dir='ltr'><strong>iras!</strong></span> <span class='ocrx_word' id='word_1_138' title='bbox 307 1468 439 1534; x_wconf 69' lang='lat' dir='ltr'><strong>idlum&#39;jam</strong></span> <span class='ocrx_word' id='word_1_139' title='bbox 452 1472 543 1528; x_wconf 84' lang='lat' dir='ltr'><strong>foedus,</strong></span> <span class='ocrx_word' id='word_1_140' title='bbox 555 1477 580 1516; x_wconf 89' lang='lat' dir='ltr'><strong>et</strong></span> <span class='ocrx_word' id='word_1_141' title='bbox 591 1482 675 1515; x_wconf 89' lang='lat' dir='ltr'><strong>omues</strong></span> 
     </span>
     <span class='ocr_line' id='line_1_23' title="bbox 55 1531 689 1600; baseline -0.011 -14"><span class='ocrx_word' id='word_1_142' title='bbox 55 1567 60 1579; x_wconf 53' lang='grc' dir='ltr'>ι</span> <span class='ocrx_word' id='word_1_143' title='bbox 79 1537 231 1600; x_wconf 75' lang='lat' dir='ltr'><strong>Compositae</strong></span> <span class='ocrx_word' id='word_1_144' title='bbox 241 1535 315 1600; x_wconf 83' lang='lat' dir='ltr'><strong>leges:</strong></span> <span class='ocrx_word' id='word_1_145' title='bbox 335 1537 395 1585; x_wconf 88' lang='lat' dir='ltr'><strong>mihi</strong></span> <span class='ocrx_word' id='word_1_146' title='bbox 403 1539 441 1600; x_wconf 85' lang='lat' dir='ltr'><strong>jus</strong></span> <span class='ocrx_word' id='word_1_147' title='bbox 453 1543 587 1586; x_wconf 83' lang='lat' dir='ltr'><strong>concurrere</strong></span> <span class='ocrx_word' id='word_1_148' title='bbox 596 1531 653 1582; x_wconf 88' lang='lat' dir='ltr'><strong>soli:</strong></span> <span class='ocrx_word' id='word_1_149' title='bbox 670 1533 676 1546; x_wconf 85' lang='lat'><em>&#39;</em></span> <span class='ocrx_word' id='word_1_150' title='bbox 688 1593 689 1596; x_wconf 8' lang='grc' dir='ltr'><strong>Ἴ</strong></span> 
     </span>
     <span class='ocr_line' id='line_1_24' title="bbox 77 1599 736 1668; baseline -0.011 -16"><span class='ocrx_word' id='word_1_151' title='bbox 77 1607 121 1654; x_wconf 88' lang='lat' dir='ltr'><strong>Me</strong></span> <span class='ocrx_word' id='word_1_152' title='bbox 133 1605 210 1663; x_wconf 85' lang='lat' dir='ltr'><strong>finite,</strong></span> <span class='ocrx_word' id='word_1_153' title='bbox 222 1615 295 1668; x_wconf 87' lang='lat' dir='ltr'><strong>atque</strong></span> <span class='ocrx_word' id='word_1_154' title='bbox 306 1607 395 1664; x_wconf 82' lang='lat' dir='ltr'><strong>auferte</strong></span> <span class='ocrx_word' id='word_1_155' title='bbox 407 1613 491 1652; x_wconf 88' lang='lat' dir='ltr'><strong>metus.</strong></span> <span class='ocrx_word' id='word_1_156' title='bbox 511 1605 562 1664; x_wconf 81' lang='lat' dir='ltr'><strong>Ego</strong></span> <span class='ocrx_word' id='word_1_157' title='bbox 575 1602 668 1648; x_wconf 85' lang='lat' dir='ltr'><strong>foedera</strong></span> <span class='ocrx_word' id='word_1_158' title='bbox 680 1599 736 1646; x_wconf 83' lang='lat' dir='ltr'><strong>saxo</strong></span> 
     </span>
    </p>
   </div>
   <div class='ocr_carea' id='block_1_7' title="bbox 77 1661 806 1732">
    <p class='ocr_par' dir='ltr' id='par_1_8' title="bbox 77 1661 806 1732">
     <span class='ocr_line' id='line_1_25' title="bbox 77 1661 806 1732; baseline -0.011 -12"><span class='ocrx_word' id='word_1_159' title='bbox 77 1673 158 1720; x_wconf 89' lang='lat' dir='ltr'><strong>Firma</strong></span> <span class='ocrx_word' id='word_1_160' title='bbox 170 1685 261 1732; x_wconf 54' lang='lat' dir='ltr'><strong>manua,</strong></span> <span class='ocrx_word' id='word_1_161' title='bbox 277 1671 386 1720; x_wconf 88' lang='lat' dir='ltr'><strong>Turnum</strong></span> <span class='ocrx_word' id='word_1_162' title='bbox 399 1673 486 1720; x_wconf 90' lang='lat' dir='ltr'><strong>debent</strong></span> <span class='ocrx_word' id='word_1_163' title='bbox 497 1669 554 1718; x_wconf 84' lang='lat' dir='ltr'><strong>haec</strong></span> <span class='ocrx_word' id='word_1_164' title='bbox 563 1669 614 1732; x_wconf 84' lang='lat' dir='ltr'><strong>jam</strong></span> <span class='ocrx_word' id='word_1_165' title='bbox 626 1665 686 1714; x_wconf 90' lang='lat' dir='ltr'><strong>mibi</strong></span> <span class='ocrx_word' id='word_1_166' title='bbox 696 1661 768 1728; x_wconf 80' lang='lat' dir='ltr'><strong>sacia.</strong></span> <span class='ocrx_word' id='word_1_167' title='bbox 801 1681 806 1693; x_wconf 75' lang='lat'><strong>¹</strong></span> 
     </span>
    </p>
   </div>
   <div class='ocr_carea' id='block_1_8' title="bbox 58 1735 698 2132">
    <p class='ocr_par' dir='ltr' id='par_1_9' title="bbox 77 1735 614 1796">
     <span class='ocr_line' id='line_1_26' title="bbox 77 1735 614 1796; baseline -0.015 -7"><span class='ocrx_word' id='word_1_168' title='bbox 77 1741 130 1789; x_wconf 83' lang='lat' dir='ltr'><strong>Has</strong></span> <span class='ocrx_word' id='word_1_169' title='bbox 141 1739 204 1786; x_wconf 89' lang='lat' dir='ltr'><strong>inter</strong></span> <span class='ocrx_word' id='word_1_170' title='bbox 214 1739 292 1796; x_wconf 82' lang='lat' dir='ltr'><strong>voces,</strong></span> <span class='ocrx_word' id='word_1_171' title='bbox 304 1738 382 1785; x_wconf 87' lang='lat' dir='ltr'><strong>media</strong></span> <span class='ocrx_word' id='word_1_172' title='bbox 393 1737 455 1786; x_wconf 90' lang='lat' dir='ltr'><strong>inter</strong></span> <span class='ocrx_word' id='word_1_173' title='bbox 466 1735 523 1786; x_wconf 87' lang='lat' dir='ltr'><strong>talia</strong></span> <span class='ocrx_word' id='word_1_174' title='bbox 534 1736 614 1794; x_wconf 81' lang='lat' dir='ltr'><strong>verba,</strong></span> 
     </span>
    </p>

    <p class='ocr_par' dir='ltr' id='par_1_10' title="bbox 77 1795 615 1865">
     <span class='ocr_line' id='line_1_27' title="bbox 77 1795 615 1865; baseline -0.011 -12"><span class='ocrx_word' id='word_1_175' title='bbox 77 1805 139 1853; x_wconf 88' lang='lat' dir='ltr'><strong>Ecce</strong></span> <span class='ocrx_word' id='word_1_176' title='bbox 149 1795 200 1852; x_wconf 78' lang='lat' dir='ltr'><strong>viro</strong></span> <span class='ocrx_word' id='word_1_177' title='bbox 213 1803 310 1852; x_wconf 83' lang='lat' dir='ltr'><strong>stridens</strong></span> <span class='ocrx_word' id='word_1_178' title='bbox 321 1803 364 1852; x_wconf 84' lang='lat' dir='ltr'><strong>alis</strong></span> <span class='ocrx_word' id='word_1_179' title='bbox 374 1799 461 1865; x_wconf 83' lang='lat' dir='ltr'><strong>allapsa</strong></span> <span class='ocrx_word' id='word_1_180' title='bbox 472 1803 557 1864; x_wconf 80' lang='lat' dir='ltr'><strong>sagitta</strong></span> <span class='ocrx_word' id='word_1_181' title='bbox 568 1799 615 1848; x_wconf 82' lang='lat' dir='ltr'><strong>est:</strong></span> 
     </span>
    </p>

    <p class='ocr_par' dir='ltr' id='par_1_11' title="bbox 77 1864 698 1934">
     <span class='ocr_line' id='line_1_28' title="bbox 77 1864 698 1934; baseline -0.013 -16"><span class='ocrx_word' id='word_1_182' title='bbox 77 1873 196 1919; x_wconf 73' lang='lat' dir='ltr'><strong>Incertum</strong></span> <span class='ocrx_word' id='word_1_183' title='bbox 209 1877 256 1931; x_wconf 76' lang='lat' dir='ltr'><strong>qu&#39;a</strong></span> <span class='ocrx_word' id='word_1_184' title='bbox 269 1869 333 1930; x_wconf 90' lang='lat' dir='ltr'><strong>pulsa</strong></span> <span class='ocrx_word' id='word_1_185' title='bbox 345 1887 428 1928; x_wconf 90' lang='lat' dir='ltr'><strong>manu,</strong></span> <span class='ocrx_word' id='word_1_186' title='bbox 440 1885 488 1934; x_wconf 91' lang='lat' dir='ltr'><strong>quo</strong></span> <span class='ocrx_word' id='word_1_187' title='bbox 499 1867 593 1918; x_wconf 89' lang='lat' dir='ltr'><strong>turbine</strong></span> <span class='ocrx_word' id='word_1_188' title='bbox 604 1864 698 1920; x_wconf 56' lang='lat' dir='ltr'><strong>adactae</strong></span> 
     </span>
    </p>

    <p class='ocr_par' dir='ltr' id='par_1_12' title="bbox 58 1929 693 2062">
     <span class='ocr_line' id='line_1_29' title="bbox 78 1929 693 2002; baseline -0.013 -18"><span class='ocrx_word' id='word_1_189' title='bbox 78 1938 139 2002; x_wconf 79' lang='lat' dir='ltr'><strong>Qus</strong></span> <span class='ocrx_word' id='word_1_190' title='bbox 151 1945 243 1984; x_wconf 88' lang='lat' dir='ltr'><strong>tantam</strong></span> <span class='ocrx_word' id='word_1_191' title='bbox 253 1929 349 1984; x_wconf 84' lang='lat' dir='ltr'><strong>Rutulis</strong></span> <span class='ocrx_word' id='word_1_192' title='bbox 359 1932 462 1992; x_wconf 88' lang='lat' dir='ltr'><strong>laudem,</strong></span> <span class='ocrx_word' id='word_1_193' title='bbox 474 1931 576 1993; x_wconf 81' lang='lat' dir='ltr'><strong>casusne,</strong></span> <span class='ocrx_word' id='word_1_194' title='bbox 587 1929 693 1988; x_wconf 86' lang='lat' dir='ltr'><strong>Deusne,</strong></span> 
     </span>
     <span class='ocr_line' id='line_1_30' title="bbox 58 1997 620 2062; baseline -0.014 -10"><span class='ocrx_word' id='word_1_195' title='bbox 58 2001 205 2052; x_wconf 78' lang='lat' dir='ltr'><strong>⁰Attulerit.</strong></span> <span class='ocrx_word' id='word_1_196' title='bbox 225 1999 302 2050; x_wconf 84' lang='lat' dir='ltr'><strong>Pressa</strong></span> <span class='ocrx_word' id='word_1_197' title='bbox 313 1997 453 2062; x_wconf 80' lang='lat' dir='ltr'><strong>est&#39;insrguis</strong></span> <span class='ocrx_word' id='word_1_198' title='bbox 465 1998 537 2060; x_wconf 78' lang='lat' dir='ltr'><strong>gloria</strong></span> <span class='ocrx_word' id='word_1_199' title='bbox 549 1997 620 2045; x_wconf 77' lang='lat' dir='ltr'><strong>fasti:</strong></span> 
     </span>
    </p>

    <p class='ocr_par' dir='ltr' id='par_1_13' title="bbox 77 2063 644 2132">
     <span class='ocr_line' id='line_1_31' title="bbox 77 2063 644 2132; baseline -0.018 -12"><span class='ocrx_word' id='word_1_200' title='bbox 77 2073 129 2120; x_wconf 86' lang='lat' dir='ltr'><strong>Nec</strong></span> <span class='ocrx_word' id='word_1_201' title='bbox 141 2069 185 2117; x_wconf 87' lang='lat' dir='ltr'><strong>sese</strong></span> <span class='ocrx_word' id='word_1_202' title='bbox 192 2071 289 2118; x_wconf 83' lang='lat' dir='ltr'><strong>Aeneae</strong></span> <span class='ocrx_word' id='word_1_203' title='bbox 297 2068 395 2131; x_wconf 74' lang='lat' dir='ltr'><strong>jactavit</strong></span> <span class='ocrx_word' id='word_1_204' title='bbox 405 2065 502 2114; x_wconf 83' lang='lat' dir='ltr'><strong>vulnere</strong></span> <span class='ocrx_word' id='word_1_205' title='bbox 512 2063 644 2132; x_wconf 84' lang='lat' dir='ltr'><strong>quisquam.</strong></span> 
     </span>
    </p>
   </div>
   <div class='ocr_carea' id='block_1_9' title="bbox 109 2121 790 2194">
    <p class='ocr_par' dir='ltr' id='par_1_14' title="bbox 109 2121 790 2194">
     <span class='ocr_line' id='line_1_32' title="bbox 109 2121 790 2194; baseline -0.013 -10"><span class='ocrx_word' id='word_1_206' title='bbox 109 2137 215 2194; x_wconf 86' lang='lat' dir='ltr'><strong>Turnus,</strong></span> <span class='ocrx_word' id='word_1_207' title='bbox 227 2146 255 2184; x_wconf 91' lang='lat' dir='ltr'><strong>ut</strong></span> <span class='ocrx_word' id='word_1_208' title='bbox 265 2138 365 2183; x_wconf 80' lang='lat' dir='ltr'><strong>Aenean</strong></span> <span class='ocrx_word' id='word_1_209' title='bbox 378 2136 499 2185; x_wconf 82' lang='lat' dir='ltr'><strong>cedentem</strong></span> <span class='ocrx_word' id='word_1_210' title='bbox 511 2148 541 2180; x_wconf 85' lang='lat' dir='ltr'><strong>ex</strong></span> <span class='ocrx_word' id='word_1_211' title='bbox 552 2124 734 2194; x_wconf 66' lang='lat' dir='ltr'><strong>agmine&#39;vidit,sf</strong></span> <span class='ocrx_word' id='word_1_212' title='bbox 786 2121 790 2126; x_wconf 67' lang='grc'><em>’</em></span> 
     </span>
    </p>
   </div>
   <div class='ocr_carea' id='block_1_10' title="bbox 77 2195 674 2263">
    <p class='ocr_par' dir='ltr' id='par_1_15' title="bbox 77 2195 674 2263">
     <span class='ocr_line' id='line_1_33' title="bbox 77 2195 674 2263; baseline -0.018 -12"><span class='ocrx_word' id='word_1_213' title='bbox 77 2203 244 2263; x_wconf 88' lang='lat' dir='ltr'><strong>Turbatosque</strong></span> <span class='ocrx_word' id='word_1_214' title='bbox 256 2203 334 2261; x_wconf 87' lang='lat' dir='ltr'><strong>duces,</strong></span> <span class='ocrx_word' id='word_1_215' title='bbox 347 2201 422 2250; x_wconf 89' lang='lat' dir='ltr'><strong>subita</strong></span> <span class='ocrx_word' id='word_1_216' title='bbox 433 2201 472 2262; x_wconf 89' lang='lat' dir='ltr'><strong>spe</strong></span> <span class='ocrx_word' id='word_1_217' title='bbox 482 2195 583 2246; x_wconf 70' lang='lat' dir='ltr'><strong>feruidus</strong></span> <span class='ocrx_word' id='word_1_218' title='bbox 593 2195 674 2242; x_wconf 86' lang='lat' dir='ltr'><strong>ardet:</strong></span> 
     </span>
    </p>
   </div>
   <div class='ocr_carea' id='block_1_11' title="bbox 75 2257 814 2329">
    <p class='ocr_par' dir='ltr' id='par_1_16' title="bbox 75 2257 814 2329">
     <span class='ocr_line' id='line_1_34' title="bbox 75 2257 814 2329; baseline -0.019 -13"><span class='ocrx_word' id='word_1_219' title='bbox 75 2269 155 2318; x_wconf 90' lang='lat' dir='ltr'><strong>Poscit</strong></span> <span class='ocrx_word' id='word_1_220' title='bbox 166 2284 248 2329; x_wconf 90' lang='lat' dir='ltr'><strong>equos,</strong></span> <span class='ocrx_word' id='word_1_221' title='bbox 260 2277 333 2329; x_wconf 85' lang='lat' dir='ltr'><strong>atque</strong></span> <span class='ocrx_word' id='word_1_222' title='bbox 344 2283 410 2316; x_wconf 83' lang='lat' dir='ltr'><strong>arma</strong></span> <span class='ocrx_word' id='word_1_223' title='bbox 421 2259 498 2326; x_wconf 70' lang='lat' dir='ltr'><strong>simul,</strong></span> <span class='ocrx_word' id='word_1_224' title='bbox 510 2263 614 2324; x_wconf 85' lang='lat' dir='ltr'><strong>saltuque</strong></span> <span class='ocrx_word' id='word_1_225' title='bbox 626 2257 736 2320; x_wconf 79' lang='lat' dir='ltr'><strong>superbu&#39;s</strong></span> <span class='ocrx_word' id='word_1_226' title='bbox 808 2314 814 2325; x_wconf 25' lang='grc' dir='ltr'>ἱ</span> 
     </span>
    </p>
   </div>
   <div class='ocr_carea' id='block_1_12' title="bbox 74 2327 745 2728">
    <p class='ocr_par' dir='ltr' id='par_1_17' title="bbox 74 2327 745 2728">
     <span class='ocr_line' id='line_1_35' title="bbox 74 2327 711 2392; baseline -0.011 -12"><span class='ocrx_word' id='word_1_227' title='bbox 74 2335 172 2382; x_wconf 85' lang='lat' dir='ltr'><strong>Emicat</strong></span> <span class='ocrx_word' id='word_1_228' title='bbox 184 2335 210 2381; x_wconf 93' lang='lat' dir='ltr'><strong>in</strong></span> <span class='ocrx_word' id='word_1_229' title='bbox 221 2349 324 2392; x_wconf 79' lang='lat' dir='ltr'><strong>currum,</strong></span> <span class='ocrx_word' id='word_1_230' title='bbox 337 2344 361 2382; x_wconf 91' lang='lat' dir='ltr'><strong>et</strong></span> <span class='ocrx_word' id='word_1_231' title='bbox 374 2333 482 2381; x_wconf 87' lang='lat' dir='ltr'><strong>manibus</strong></span> <span class='ocrx_word' id='word_1_232' title='bbox 493 2329 590 2378; x_wconf 87' lang='lat' dir='ltr'><strong>molitur</strong></span> <span class='ocrx_word' id='word_1_233' title='bbox 600 2327 711 2374; x_wconf 86' lang='lat' dir='ltr'><strong>habenas.</strong></span> 
     </span>
     <span class='ocr_line' id='line_1_36' title="bbox 75 2390 740 2457; baseline -0.011 -12"><span class='ocrx_word' id='word_1_234' title='bbox 75 2397 157 2446; x_wconf 81' lang='lat' dir='ltr'><strong>Multa</strong></span> <span class='ocrx_word' id='word_1_235' title='bbox 168 2399 247 2448; x_wconf 89' lang='lat' dir='ltr'><strong>virlim</strong></span> <span class='ocrx_word' id='word_1_236' title='bbox 258 2397 362 2450; x_wconf 84' lang='lat' dir='ltr'><strong>volitans</strong></span> <span class='ocrx_word' id='word_1_237' title='bbox 373 2401 413 2448; x_wconf 86' lang='lat' dir='ltr'><strong>dat</strong></span> <span class='ocrx_word' id='word_1_238' title='bbox 425 2399 497 2448; x_wconf 86' lang='lat' dir='ltr'><strong>sortia</strong></span> <span class='ocrx_word' id='word_1_239' title='bbox 508 2404 604 2457; x_wconf 84' lang='lat' dir='ltr'><strong>corpora</strong></span> <span class='ocrx_word' id='word_1_240' title='bbox 615 2390 694 2440; x_wconf 84' lang='lat' dir='ltr'><strong>letho:</strong></span> <span class='ocrx_word' id='word_1_241' title='bbox 739 2421 740 2428; x_wconf 27' lang='grc' dir='ltr'><strong>κ</strong></span> 
     </span>
     <span class='ocr_line' id='line_1_37' title="bbox 75 2463 639 2528; baseline -0.004 -20"><span class='ocrx_word' id='word_1_242' title='bbox 75 2465 208 2512; x_wconf 82' lang='lat' dir='ltr'><strong>Semineces</strong></span> <span class='ocrx_word' id='word_1_243' title='bbox 219 2465 294 2516; x_wconf 89' lang='lat' dir='ltr'><strong>volvit</strong></span> <span class='ocrx_word' id='word_1_244' title='bbox 304 2465 401 2525; x_wconf 89' lang='lat' dir='ltr'><strong>multos,</strong></span> <span class='ocrx_word' id='word_1_245' title='bbox 414 2476 455 2515; x_wconf 86' lang='lat' dir='ltr'><strong>aut</strong></span> <span class='ocrx_word' id='word_1_246' title='bbox 466 2463 560 2528; x_wconf 76' lang='lat' dir='ltr'><strong>agmina</strong></span> <span class='ocrx_word' id='word_1_247' title='bbox 571 2475 639 2509; x_wconf 87' lang='lat' dir='ltr'><strong>curru</strong></span> 
     </span>
     <span class='ocr_line' id='line_1_38' title="bbox 74 2523 679 2594; baseline -0.002 -23"><span class='ocrx_word' id='word_1_248' title='bbox 74 2526 189 2586; x_wconf 87' lang='lat' dir='ltr'><strong>Protcrit,</strong></span> <span class='ocrx_word' id='word_1_249' title='bbox 202 2542 243 2578; x_wconf 87' lang='lat' dir='ltr'><strong>aut</strong></span> <span class='ocrx_word' id='word_1_250' title='bbox 255 2539 336 2592; x_wconf 88' lang='lat' dir='ltr'><strong>raptas</strong></span> <span class='ocrx_word' id='word_1_251' title='bbox 345 2531 489 2593; x_wconf 81' lang='lat' dir='ltr'><strong>fugientibus</strong></span> <span class='ocrx_word' id='word_1_252' title='bbox 498 2529 587 2594; x_wconf 81' lang='lat' dir='ltr'><strong>ingerit</strong></span> <span class='ocrx_word' id='word_1_253' title='bbox 594 2523 679 2574; x_wconf 86' lang='lat' dir='ltr'><strong>hastas.</strong></span> 
     </span>
     <span class='ocr_line' id='line_1_39' title="bbox 74 2588 692 2655; baseline 0 -18"><span class='ocrx_word' id='word_1_254' title='bbox 74 2589 160 2650; x_wconf 78' lang='lat' dir='ltr'><strong>Qralis</strong></span> <span class='ocrx_word' id='word_1_255' title='bbox 171 2598 234 2654; x_wconf 90' lang='lat' dir='ltr'><strong>apud</strong></span> <span class='ocrx_word' id='word_1_256' title='bbox 246 2595 316 2655; x_wconf 83' lang='lat' dir='ltr'><strong>gelidi</strong></span> <span class='ocrx_word' id='word_1_257' title='bbox 327 2597 382 2652; x_wconf 76' lang='lat' dir='ltr'><strong>citu</strong></span> <span class='ocrx_word' id='word_1_258' title='bbox 395 2599 492 2646; x_wconf 87' lang='lat' dir='ltr'><strong>flumina</strong></span> <span class='ocrx_word' id='word_1_259' title='bbox 504 2595 609 2645; x_wconf 87' lang='lat' dir='ltr'><strong>concitus</strong></span> <span class='ocrx_word' id='word_1_260' title='bbox 617 2588 692 2640; x_wconf 84' lang='lat' dir='ltr'><strong>Hebri</strong></span> 
     </span>
     <span class='ocr_line' id='line_1_40' title="bbox 74 2655 745 2728; baseline -0.007 -20"><span class='ocrx_word' id='word_1_261' title='bbox 74 2655 220 2715; x_wconf 65' lang='lat' dir='ltr'><strong>Sanguineas</strong></span> <span class='ocrx_word' id='word_1_262' title='bbox 228 2661 328 2728; x_wconf 78' lang='lat' dir='ltr'><strong>Mavors</strong></span> <span class='ocrx_word' id='word_1_263' title='bbox 337 2662 421 2726; x_wconf 81' lang='lat' dir='ltr'><strong>clypeo</strong></span> <span class='ocrx_word' id='word_1_264' title='bbox 430 2665 547 2728; x_wconf 85' lang='lat' dir='ltr'><strong>increpat,</strong></span> <span class='ocrx_word' id='word_1_265' title='bbox 558 2671 631 2722; x_wconf 87' lang='lat' dir='ltr'><strong>atque</strong></span> <span class='ocrx_word' id='word_1_266' title='bbox 642 2659 745 2707; x_wconf 82' lang='lat' dir='ltr'><strong>furentes</strong></span> 
     </span>
    </p>
   </div>
   <div class='ocr_carea' id='block_1_13' title="bbox 788 2739 796 2766">
    <p class='ocr_par' dir='ltr' id='par_1_18' title="bbox 788 2739 796 2766">
     <span class='ocr_line' id='line_1_41' title="bbox 788 2739 796 2766; baseline 0 0"><span class='ocrx_word' id='word_1_267' title='bbox 788 2739 796 2766; x_wconf 73' lang='lat' dir='ltr'><strong>i</strong></span> 
     </span>
    </p>
   </div>
   <div class='ocr_carea' id='block_1_14' title="bbox 0 0 908 2912">
    <p class='ocr_par' dir='ltr' id='par_1_19' title="bbox 0 0 908 2912">
     <span class='ocr_line' id='line_1_42' title="bbox 0 0 908 2912; baseline 0 3"><span class='ocrx_word' id='word_1_268' title='bbox 0 0 908 2912; x_wconf 95' lang='lat' dir='ltr'><strong> </strong></span> 
     </span>
    </p>
   </div>
  </div>
 </body>
</html>
