<?xml version="1.0" encoding="UTF-8"?>
<!DOCTYPE html PUBLIC "-//W3C//DTD XHTML 1.0 Transitional//EN"
    "http://www.w3.org/TR/xhtml1/DTD/xhtml1-transitional.dtd">
<html xmlns="http://www.w3.org/1999/xhtml" xml:lang="en" lang="en">
 <head>
  <title>
</title>
<meta http-equiv="Content-Type" content="text/html;charset=utf-8" />
  <meta name='ocr-system' content='tesseract 3.04.00' />
  <meta name='ocr-capabilities' content='ocr_page ocr_carea ocr_par ocr_line ocrx_word'/>
</head>
<body>
  <div class='ocr_page' id='page_1' title='image "./bucolicageorgic03virggoog/bucolicageorgic03virggoog_0309.png"; bbox 0 0 1806 2912; ppageno 0'>
   <div class='ocr_carea' id='block_1_1' title="bbox 156 41 811 124">
    <p class='ocr_par' dir='ltr' id='par_1_1' title="bbox 156 41 811 124">
     <span class='ocr_line' id='line_1_1' title="bbox 156 41 811 124; baseline -0.002 -14"><span class='ocrx_word' id='word_1_1' title='bbox 156 61 409 110; x_wconf 74' lang='lat' dir='ltr'><strong>Aruernos</strong></span> <span class='ocrx_word' id='word_1_2' title='bbox 444 61 529 108; x_wconf 79' lang='lat' dir='ltr'><strong>ura.</strong></span> <span class='ocrx_word' id='word_1_3' title='bbox 559 61 604 108; x_wconf 82' lang='lat' dir='ltr'><strong>xi.</strong></span> <span class='ocrx_word' id='word_1_4' title='bbox 657 41 721 122; x_wconf 76' lang='lat'><strong>789.¹</strong></span> <span class='ocrx_word' id='word_1_5' title='bbox 766 73 811 124; x_wconf 81' lang='lat'><strong>31³</strong></span> 
     </span>
    </p>
   </div>
   <div class='ocr_carea' id='block_1_2' title="bbox 4 154 773 2741">
    <p class='ocr_par' dir='ltr' id='par_1_2' title="bbox 71 154 660 222">
     <span class='ocr_line' id='line_1_2' title="bbox 71 154 660 222; baseline -0.01 -12"><span class='ocrx_word' id='word_1_6' title='bbox 71 165 121 220; x_wconf 87' lang='lat' dir='ltr'><strong>Da,</strong></span> <span class='ocrx_word' id='word_1_7' title='bbox 133 170 210 222; x_wconf 86' lang='lat' dir='ltr'><strong>pater,</strong></span> <span class='ocrx_word' id='word_1_8' title='bbox 222 159 268 206; x_wconf 88' lang='lat' dir='ltr'><strong>hoc</strong></span> <span class='ocrx_word' id='word_1_9' title='bbox 279 156 363 206; x_wconf 86' lang='lat' dir='ltr'><strong>uostris</strong></span> <span class='ocrx_word' id='word_1_10' title='bbox 373 154 461 204; x_wconf 83' lang='lat' dir='ltr'><strong>aboleri</strong></span> <span class='ocrx_word' id='word_1_11' title='bbox 473 157 571 209; x_wconf 85' lang='lat' dir='ltr'><strong>dedecus</strong></span> <span class='ocrx_word' id='word_1_12' title='bbox 580 157 660 213; x_wconf 88' lang='lat' dir='ltr'><strong>armis,</strong></span> 
     </span>
    </p>

    <p class='ocr_par' dir='ltr' id='par_1_3' title="bbox 4 221 736 354">
     <span class='ocr_line' id='line_1_3' title="bbox 4 221 682 292; baseline -0.003 -20"><span class='ocrx_word' id='word_1_13' title='bbox 4 265 6 272; x_wconf 81' lang='grc'>,</span> <span class='ocrx_word' id='word_1_14' title='bbox 73 228 241 286; x_wconf 87' lang='lat' dir='ltr'><strong>Omnipotens.</strong></span> <span class='ocrx_word' id='word_1_15' title='bbox 261 227 319 272; x_wconf 90' lang='lat' dir='ltr'><strong>Non</strong></span> <span class='ocrx_word' id='word_1_16' title='bbox 329 224 433 280; x_wconf 85' lang='lat' dir='ltr'><strong>exuvias,</strong></span> <span class='ocrx_word' id='word_1_17' title='bbox 443 221 549 282; x_wconf 79' lang='lat' dir='ltr'><strong>pulsaeve</strong></span> <span class='ocrx_word' id='word_1_18' title='bbox 557 233 682 292; x_wconf 81' lang='lat' dir='ltr'><strong>tropaeum</strong></span> 
     </span>
     <span class='ocr_line' id='line_1_4' title="bbox 71 288 736 354; baseline -0.006 -12"><span class='ocrx_word' id='word_1_19' title='bbox 71 293 183 354; x_wconf 74' lang='lat' dir='ltr'>Virginis,</span> <span class='ocrx_word' id='word_1_20' title='bbox 193 301 235 340; x_wconf 85' lang='lat' dir='ltr'><strong>aut</strong></span> <span class='ocrx_word' id='word_1_21' title='bbox 243 289 317 352; x_wconf 86' lang='lat' dir='ltr'><strong>spolia</strong></span> <span class='ocrx_word' id='word_1_22' title='bbox 328 288 375 338; x_wconf 85' lang='lat' dir='ltr'><strong>ullu</strong></span> <span class='ocrx_word' id='word_1_23' title='bbox 384 299 454 350; x_wconf 87' lang='lat' dir='ltr'><strong>peto:</strong></span> <span class='ocrx_word' id='word_1_24' title='bbox 474 289 633 342; x_wconf 80' lang='lat' dir='ltr'><strong>mihicaetera</strong></span> <span class='ocrx_word' id='word_1_25' title='bbox 641 289 736 338; x_wconf 89' lang='lat' dir='ltr'><strong>laudem</strong></span> 
     </span>
    </p>

    <p class='ocr_par' dir='ltr' id='par_1_4' title="bbox 4 353 702 420">
     <span class='ocr_line' id='line_1_5' title="bbox 4 353 702 420; baseline 0 -14"><span class='ocrx_word' id='word_1_26' title='bbox 4 415 5 420; x_wconf 15' lang='lat'>¹</span> <span class='ocrx_word' id='word_1_27' title='bbox 73 363 144 408; x_wconf 75' lang='lat' dir='ltr'><strong>Festa</strong></span> <span class='ocrx_word' id='word_1_28' title='bbox 153 362 237 407; x_wconf 82' lang='lat' dir='ltr'><strong>ferent.</strong></span> <span class='ocrx_word' id='word_1_29' title='bbox 255 361 321 406; x_wconf 88' lang='lat' dir='ltr'><strong>Haec</strong></span> <span class='ocrx_word' id='word_1_30' title='bbox 332 357 383 404; x_wconf 86' lang='lat' dir='ltr'><strong>dira</strong></span> <span class='ocrx_word' id='word_1_31' title='bbox 395 371 447 404; x_wconf 89' lang='lat' dir='ltr'><strong>meo</strong></span> <span class='ocrx_word' id='word_1_32' title='bbox 459 359 516 404; x_wconf 90' lang='lat' dir='ltr'><strong>dum</strong></span> <span class='ocrx_word' id='word_1_33' title='bbox 528 353 623 404; x_wconf 89' lang='lat' dir='ltr'><strong>vulnere</strong></span> <span class='ocrx_word' id='word_1_34' title='bbox 632 353 702 417; x_wconf 87' lang='lat' dir='ltr'><strong>pellis</strong></span> 
     </span>
    </p>

    <p class='ocr_par' dir='ltr' id='par_1_5' title="bbox 19 421 692 550">
     <span class='ocr_line' id='line_1_6' title="bbox 19 421 692 486; baseline -0.003 -12"><span class='ocrx_word' id='word_1_35' title='bbox 19 445 25 458; x_wconf 89' lang='lat'><em>·</em></span> <span class='ocrx_word' id='word_1_36' title='bbox 74 423 143 474; x_wconf 83' lang='lat' dir='ltr'><strong>Pulsa</strong></span> <span class='ocrx_word' id='word_1_37' title='bbox 154 427 232 482; x_wconf 78' lang='lat' dir='ltr'><strong>cadat,</strong></span> <span class='ocrx_word' id='word_1_38' title='bbox 244 425 347 486; x_wconf 86' lang='lat' dir='ltr'><strong>patriam</strong></span> <span class='ocrx_word' id='word_1_39' title='bbox 359 425 468 470; x_wconf 78' lang='lat' dir='ltr'>remeabo</span> <span class='ocrx_word' id='word_1_40' title='bbox 478 421 589 482; x_wconf 78' lang='lat' dir='ltr'><strong>inglorius</strong></span> <span class='ocrx_word' id='word_1_41' title='bbox 601 426 692 472; x_wconf 80' lang='lat' dir='ltr'><strong>urbem.</strong></span> 
     </span>
     <span class='ocr_line' id='line_1_7' title="bbox 74 487 620 550; baseline -0.004 -12"><span class='ocrx_word' id='word_1_42' title='bbox 74 492 171 548; x_wconf 83' lang='lat' dir='ltr'><strong>Audiit,</strong></span> <span class='ocrx_word' id='word_1_43' title='bbox 183 501 207 540; x_wconf 91' lang='lat' dir='ltr'><strong>et</strong></span> <span class='ocrx_word' id='word_1_44' title='bbox 218 492 268 539; x_wconf 85' lang='lat' dir='ltr'><strong>voti</strong></span> <span class='ocrx_word' id='word_1_45' title='bbox 278 492 387 538; x_wconf 79' lang='lat' dir='ltr'><strong>Phoebus</strong></span> <span class='ocrx_word' id='word_1_46' title='bbox 398 489 515 538; x_wconf 83' lang='lat' dir='ltr'>succedere</span> <span class='ocrx_word' id='word_1_47' title='bbox 528 487 620 550; x_wconf 85' lang='lat' dir='ltr'><strong>partem</strong></span> 
     </span>
    </p>

    <p class='ocr_par' dir='ltr' id='par_1_6' title="bbox 4 553 752 948">
     <span class='ocr_line' id='line_1_8' title="bbox 73 553 742 617; baseline -0.001 -12"><span class='ocrx_word' id='word_1_48' title='bbox 73 559 158 606; x_wconf 87' lang='lat' dir='ltr'><strong>Mente</strong></span> <span class='ocrx_word' id='word_1_49' title='bbox 169 559 249 604; x_wconf 83' lang='lat' dir='ltr'>dedit:</span> <span class='ocrx_word' id='word_1_50' title='bbox 269 567 361 617; x_wconf 88' lang='lat' dir='ltr'><strong>partem</strong></span> <span class='ocrx_word' id='word_1_51' title='bbox 373 553 478 603; x_wconf 84' lang='lat' dir='ltr'><strong>volucres</strong></span> <span class='ocrx_word' id='word_1_52' title='bbox 491 555 595 614; x_wconf 75' lang='lat' dir='ltr'><strong>dispersit</strong></span> <span class='ocrx_word' id='word_1_53' title='bbox 606 557 630 602; x_wconf 92' lang='lat' dir='ltr'><strong>in</strong></span> <span class='ocrx_word' id='word_1_54' title='bbox 643 571 718 605; x_wconf 88' lang='lat' dir='ltr'><strong>auras.</strong></span> <span class='ocrx_word' id='word_1_55' title='bbox 737 591 742 612; x_wconf 77' lang='lat'><strong>,</strong></span> 
     </span>
     <span class='ocr_line' id='line_1_9' title="bbox 74 621 688 682; baseline -0.005 -10"><span class='ocrx_word' id='word_1_56' title='bbox 74 625 193 676; x_wconf 82' lang='lat' dir='ltr'><strong>Sterneret</strong></span> <span class='ocrx_word' id='word_1_57' title='bbox 204 633 231 671; x_wconf 92' lang='lat' dir='ltr'><strong>ut</strong></span> <span class='ocrx_word' id='word_1_58' title='bbox 242 623 318 670; x_wconf 87' lang='lat' dir='ltr'><strong>subita</strong></span> <span class='ocrx_word' id='word_1_59' title='bbox 331 625 451 672; x_wconf 88' lang='lat' dir='ltr'><strong>turbatam</strong></span> <span class='ocrx_word' id='word_1_60' title='bbox 464 629 541 670; x_wconf 84' lang='lat' dir='ltr'><strong>morte</strong></span> <span class='ocrx_word' id='word_1_61' title='bbox 551 621 688 682; x_wconf 73' lang='lat' dir='ltr'>Camillam,</span> 
     </span>
     <span class='ocr_line' id='line_1_10' title="bbox 74 686 697 748; baseline 0.002 -12"><span class='ocrx_word' id='word_1_62' title='bbox 74 691 170 738; x_wconf 89' lang='lat' dir='ltr'>Annuit</span> <span class='ocrx_word' id='word_1_63' title='bbox 183 689 277 738; x_wconf 88' lang='lat' dir='ltr'><strong>oranti:</strong></span> <span class='ocrx_word' id='word_1_64' title='bbox 296 691 404 736; x_wconf 78' lang='lat' dir='ltr'><strong>reducem</strong></span> <span class='ocrx_word' id='word_1_65' title='bbox 416 697 442 738; x_wconf 88' lang='lat' dir='ltr'><strong>ut</strong></span> <span class='ocrx_word' id='word_1_66' title='bbox 452 689 529 748; x_wconf 86' lang='lat' dir='ltr'><strong>patria</strong></span> <span class='ocrx_word' id='word_1_67' title='bbox 541 686 590 736; x_wconf 85' lang='lat' dir='ltr'><strong>alta</strong></span> <span class='ocrx_word' id='word_1_68' title='bbox 599 689 697 747; x_wconf 85' lang='lat' dir='ltr'><strong>videret,</strong></span> 
     </span>
     <span class='ocr_line' id='line_1_11' title="bbox 73 753 721 815; baseline 0 -12"><span class='ocrx_word' id='word_1_69' title='bbox 73 759 132 804; x_wconf 91' lang='lat' dir='ltr'><strong>Non</strong></span> <span class='ocrx_word' id='word_1_70' title='bbox 142 756 220 812; x_wconf 80' lang='lat' dir='ltr'><strong>dedit3</strong></span> <span class='ocrx_word' id='word_1_71' title='bbox 239 755 311 815; x_wconf 84' lang='lat' dir='ltr'><strong>inque</strong></span> <span class='ocrx_word' id='word_1_72' title='bbox 320 757 399 804; x_wconf 86' lang='lat' dir='ltr'><strong>Notos</strong></span> <span class='ocrx_word' id='word_1_73' title='bbox 408 770 489 802; x_wconf 81' lang='lat' dir='ltr'><strong>vocem</strong></span> <span class='ocrx_word' id='word_1_74' title='bbox 500 753 590 802; x_wconf 69' lang='lat' dir='ltr'><strong>ventre</strong></span> <span class='ocrx_word' id='word_1_75' title='bbox 600 755 721 814; x_wconf 81' lang='lat' dir='ltr'><strong>procellae.</strong></span> 
     </span>
     <span class='ocr_line' id='line_1_12' title="bbox 72 816 752 882; baseline 0 -12"><span class='ocrx_word' id='word_1_76' title='bbox 72 823 147 882; x_wconf 82' lang='lat' dir='ltr'><strong>Ergo,</strong></span> <span class='ocrx_word' id='word_1_77' title='bbox 159 831 187 868; x_wconf 87' lang='lat' dir='ltr'><strong>nt</strong></span> <span class='ocrx_word' id='word_1_78' title='bbox 199 816 264 868; x_wconf 80' lang='lat' dir='ltr'><strong>milla</strong></span> <span class='ocrx_word' id='word_1_79' title='bbox 274 837 345 868; x_wconf 91' lang='lat' dir='ltr'><strong>maun</strong></span> <span class='ocrx_word' id='word_1_80' title='bbox 355 822 456 869; x_wconf 87' lang='lat' dir='ltr'><strong>sonitu&#39;m</strong></span> <span class='ocrx_word' id='word_1_81' title='bbox 470 821 535 868; x_wconf 80' lang='lat' dir='ltr'>dedit</span> <span class='ocrx_word' id='word_1_82' title='bbox 546 820 612 877; x_wconf 75' lang='lat' dir='ltr'><strong>halla</strong></span> <span class='ocrx_word' id='word_1_83' title='bbox 623 837 664 882; x_wconf 86' lang='lat' dir='ltr'><strong>per</strong></span> <span class='ocrx_word' id='word_1_84' title='bbox 675 838 752 882; x_wconf 87' lang='lat' dir='ltr'><strong>auras,</strong></span> 
     </span>
     <span class='ocr_line' id='line_1_13' title="bbox 4 885 622 948; baseline -0.003 -12"><span class='ocrx_word' id='word_1_85' title='bbox 4 937 5 948; x_wconf 53' lang='lat'><strong>,</strong></span> <span class='ocrx_word' id='word_1_86' title='bbox 71 885 217 936; x_wconf 71' lang='lat' dir='ltr'><strong>Convertire</strong></span> <span class='ocrx_word' id='word_1_87' title='bbox 228 887 319 936; x_wconf 85' lang='lat' dir='ltr'><strong>animos</strong></span> <span class='ocrx_word' id='word_1_88' title='bbox 328 905 400 946; x_wconf 88' lang='lat' dir='ltr'><strong>acres,</strong></span> <span class='ocrx_word' id='word_1_89' title='bbox 412 885 539 948; x_wconf 84' lang='lat' dir='ltr'><strong>oculosque</strong></span> <span class='ocrx_word' id='word_1_90' title='bbox 547 885 622 935; x_wconf 69' lang='lat' dir='ltr'><strong>tulire&#39;</strong></span> 
     </span>
    </p>

    <p class='ocr_par' dir='ltr' id='par_1_7' title="bbox 4 949 773 1148">
     <span class='ocr_line' id='line_1_14' title="bbox 4 949 697 1014; baseline 0.001 -13"><span class='ocrx_word' id='word_1_91' title='bbox 4 949 5 958; x_wconf 50' lang='lat'><em>³</em></span> <span class='ocrx_word' id='word_1_92' title='bbox 43 957 46 962; x_wconf 82' lang='grc'><strong>“</strong></span> <span class='ocrx_word' id='word_1_93' title='bbox 71 955 158 1002; x_wconf 77' lang='lat' dir='ltr'><strong>Cuntti</strong></span> <span class='ocrx_word' id='word_1_94' title='bbox 169 955 200 1001; x_wconf 89' lang='lat' dir='ltr'><strong>ad</strong></span> <span class='ocrx_word' id='word_1_95' title='bbox 210 954 314 1014; x_wconf 84' lang='lat' dir='ltr'><strong>reginam</strong></span> <span class='ocrx_word' id='word_1_96' title='bbox 324 953 416 1003; x_wconf 78' lang='lat' dir='ltr'><strong>Volsci:</strong></span> <span class='ocrx_word' id='word_1_97' title='bbox 435 953 496 1002; x_wconf 88' lang='lat' dir='ltr'><strong>nihil</strong></span> <span class='ocrx_word' id='word_1_98' title='bbox 505 953 553 1014; x_wconf 79' lang='lat' dir='ltr'><strong>ipsa</strong></span> <span class='ocrx_word' id='word_1_99' title='bbox 565 969 608 1002; x_wconf 91' lang='lat' dir='ltr'><strong>nec</strong></span> <span class='ocrx_word' id='word_1_100' title='bbox 619 969 697 1013; x_wconf 86' lang='lat' dir='ltr'><strong>aurae,</strong></span> 
     </span>
     <span class='ocr_line' id='line_1_15' title="bbox 71 1014 773 1082; baseline 0 -14"><span class='ocrx_word' id='word_1_101' title='bbox 71 1023 125 1068; x_wconf 89' lang='lat' dir='ltr'><strong>Nec</strong></span> <span class='ocrx_word' id='word_1_102' title='bbox 132 1021 221 1069; x_wconf 89' lang='lat' dir='ltr'><strong>sonitus</strong></span> <span class='ocrx_word' id='word_1_103' title='bbox 232 1014 333 1078; x_wconf 86' lang='lat' dir='ltr'><strong>memoi‚</strong></span> <span class='ocrx_word' id='word_1_104' title='bbox 345 1030 386 1068; x_wconf 88' lang='lat' dir='ltr'><strong>aut</strong></span> <span class='ocrx_word' id='word_1_105' title='bbox 397 1020 513 1068; x_wconf 85' lang='lat' dir='ltr'><strong>venientis</strong></span> <span class='ocrx_word' id='word_1_106' title='bbox 522 1023 551 1068; x_wconf 89' lang='lat' dir='ltr'><strong>ab</strong></span> <span class='ocrx_word' id='word_1_107' title='bbox 563 1020 657 1069; x_wconf 76' lang='lat' dir='ltr'>aethere</span> <span class='ocrx_word' id='word_1_108' title='bbox 668 1019 723 1082; x_wconf 88' lang='lat' dir='ltr'><strong>teli;</strong></span> <span class='ocrx_word' id='word_1_109' title='bbox 770 1019 773 1026; x_wconf 81' lang='grc'><strong>“</strong></span> 
     </span>
     <span class='ocr_line' id='line_1_16' title="bbox 69 1085 636 1148; baseline 0.004 -16"><span class='ocrx_word' id='word_1_110' title='bbox 69 1085 146 1133; x_wconf 84' lang='lat' dir='ltr'><strong>Hasta</strong></span> <span class='ocrx_word' id='word_1_111' title='bbox 155 1087 196 1134; x_wconf 92' lang='lat' dir='ltr'><strong>sub</strong></span> <span class='ocrx_word' id='word_1_112' title='bbox 206 1085 324 1136; x_wconf 81' lang='lat' dir='ltr'>exsertam</span> <span class='ocrx_word' id='word_1_113' title='bbox 333 1088 407 1136; x_wconf 88' lang='lat' dir='ltr'><strong>donec</strong></span> <span class='ocrx_word' id='word_1_114' title='bbox 419 1085 508 1148; x_wconf 86' lang='lat' dir='ltr'><strong>perlata</strong></span> <span class='ocrx_word' id='word_1_115' title='bbox 520 1085 636 1148; x_wconf 82' lang='lat' dir='ltr'>papillam</span> 
     </span>
    </p>

    <p class='ocr_par' dir='ltr' id='par_1_8' title="bbox 68 1149 757 1351">
     <span class='ocr_line' id='line_1_17' title="bbox 68 1149 665 1214; baseline 0.007 -16"><span class='ocrx_word' id='word_1_116' title='bbox 68 1149 162 1210; x_wconf 80' lang='lat' dir='ltr'><strong>Haesit,</strong></span> <span class='ocrx_word' id='word_1_117' title='bbox 174 1153 351 1214; x_wconf 79' lang='lat' dir='ltr'><strong>virgineumque</strong></span> <span class='ocrx_word' id='word_1_118' title='bbox 360 1151 408 1206; x_wconf 82' lang='lat' dir='ltr'><strong>alte</strong></span> <span class='ocrx_word' id='word_1_119' title='bbox 417 1153 477 1202; x_wconf 84' lang='lat' dir='ltr'><strong>bibit</strong></span> <span class='ocrx_word' id='word_1_120' title='bbox 489 1155 539 1202; x_wconf 76' lang='lat' dir='ltr'><strong>atta</strong></span> <span class='ocrx_word' id='word_1_121' title='bbox 550 1167 665 1202; x_wconf 75' lang='lat' dir='ltr'><strong>cruorem·</strong></span> 
     </span>
     <span class='ocr_line' id='line_1_18' title="bbox 71 1219 757 1282; baseline 0.004 -17"><span class='ocrx_word' id='word_1_122' title='bbox 71 1220 224 1268; x_wconf 85' lang='lat' dir='ltr'><strong>Concurrunt</strong></span> <span class='ocrx_word' id='word_1_123' title='bbox 233 1221 339 1282; x_wconf 83' lang='lat' dir='ltr'><strong>trepidae</strong></span> <span class='ocrx_word' id='word_1_124' title='bbox 350 1221 457 1279; x_wconf 83' lang='lat' dir='ltr'><strong>comites,</strong></span> <span class='ocrx_word' id='word_1_125' title='bbox 469 1220 639 1282; x_wconf 83' lang='lat' dir='ltr'><strong>dominamque</strong></span> <span class='ocrx_word' id='word_1_126' title='bbox 650 1219 757 1270; x_wconf 78' lang='lat' dir='ltr'><strong>ruentem</strong></span> 
     </span>
     <span class='ocr_line' id='line_1_19' title="bbox 72 1282 703 1351; baseline 0.006 -20"><span class='ocrx_word' id='word_1_127' title='bbox 72 1284 214 1346; x_wconf 84' lang='lat' dir='ltr'><strong>Suscipiunt.</strong></span> <span class='ocrx_word' id='word_1_128' title='bbox 234 1289 303 1349; x_wconf 79' lang='lat' dir='ltr'><strong>Fugit</strong></span> <span class='ocrx_word' id='word_1_129' title='bbox 314 1297 370 1338; x_wconf 87' lang='lat' dir='ltr'><strong>aute</strong></span> <span class='ocrx_word' id='word_1_130' title='bbox 381 1282 465 1351; x_wconf 67' lang='lat' dir='ltr'><strong>operies</strong></span> <span class='ocrx_word' id='word_1_131' title='bbox 476 1288 602 1336; x_wconf 84' lang='lat' dir='ltr'><strong>exterritus</strong></span> <span class='ocrx_word' id='word_1_132' title='bbox 611 1293 703 1347; x_wconf 88' lang='lat' dir='ltr'><strong>Aruns,</strong></span> 
     </span>
    </p>

    <p class='ocr_par' dir='ltr' id='par_1_9' title="bbox 11 1349 717 1477">
     <span class='ocr_line' id='line_1_20' title="bbox 11 1349 717 1416; baseline 0.011 -20"><span class='ocrx_word' id='word_1_133' title='bbox 11 1349 17 1364; x_wconf 90' lang='lat'>&#39;</span> <span class='ocrx_word' id='word_1_134' title='bbox 70 1351 176 1400; x_wconf 84' lang='lat' dir='ltr'><strong>Laetitia</strong></span> <span class='ocrx_word' id='word_1_135' title='bbox 188 1354 303 1414; x_wconf 84' lang='lat' dir='ltr'><strong>mistoque</strong></span> <span class='ocrx_word' id='word_1_136' title='bbox 313 1364 392 1402; x_wconf 85' lang='lat' dir='ltr'><strong>metu:</strong></span> <span class='ocrx_word' id='word_1_137' title='bbox 412 1371 456 1402; x_wconf 84' lang='lat' dir='ltr'><strong>nec</strong></span> <span class='ocrx_word' id='word_1_138' title='bbox 464 1354 513 1416; x_wconf 84' lang='lat' dir='ltr'><strong>jam</strong></span> <span class='ocrx_word' id='word_1_139' title='bbox 527 1354 628 1414; x_wconf 84' lang='lat' dir='ltr'><strong>amplius</strong></span> <span class='ocrx_word' id='word_1_140' title='bbox 639 1354 717 1404; x_wconf 83' lang='lat' dir='ltr'><strong>hastae</strong></span> 
     </span>
     <span class='ocr_line' id='line_1_21' title="bbox 71 1415 617 1477; baseline 0.007 -13"><span class='ocrx_word' id='word_1_141' title='bbox 71 1419 181 1474; x_wconf 85' lang='lat' dir='ltr'><strong>Credere,</strong></span> <span class='ocrx_word' id='word_1_142' title='bbox 193 1419 236 1464; x_wconf 85' lang='lat' dir='ltr'><strong>nec</strong></span> <span class='ocrx_word' id='word_1_143' title='bbox 243 1415 296 1466; x_wconf 88' lang='lat' dir='ltr'><strong>telis</strong></span> <span class='ocrx_word' id='word_1_144' title='bbox 305 1432 424 1472; x_wconf 84' lang='lat' dir='ltr'><strong>occurrere</strong></span> <span class='ocrx_word' id='word_1_145' title='bbox 435 1419 530 1477; x_wconf 80' lang='lat' dir='ltr'><strong>virginis</strong></span> <span class='ocrx_word' id='word_1_146' title='bbox 539 1423 617 1476; x_wconf 83' lang='lat' dir='ltr'><strong>audet.</strong></span> 
     </span>
    </p>

    <p class='ocr_par' dir='ltr' id='par_1_10' title="bbox 51 1479 717 1610">
     <span class='ocr_line' id='line_1_22' title="bbox 51 1479 717 1546; baseline 0.008 -16"><span class='ocrx_word' id='word_1_147' title='bbox 51 1535 59 1543; x_wconf 45' lang='lat'><strong>,</strong></span> <span class='ocrx_word' id='word_1_148' title='bbox 70 1485 112 1530; x_wconf 89' lang='lat' dir='ltr'><strong>Ac</strong></span> <span class='ocrx_word' id='word_1_149' title='bbox 121 1480 186 1530; x_wconf 81' lang='lat' dir='ltr'><strong>velut</strong></span> <span class='ocrx_word' id='word_1_150' title='bbox 197 1479 245 1538; x_wconf 83' lang='lat' dir='ltr'><strong>ille,</strong></span> <span class='ocrx_word' id='word_1_151' title='bbox 258 1481 324 1540; x_wconf 82' lang='lat' dir='ltr'><strong>prius</strong></span> <span class='ocrx_word' id='word_1_152' title='bbox 335 1499 407 1542; x_wconf 85' lang='lat' dir='ltr'><strong>quam</strong></span> <span class='ocrx_word' id='word_1_153' title='bbox 418 1481 467 1530; x_wconf 80' lang='lat' dir='ltr'><strong>teta</strong></span> <span class='ocrx_word' id='word_1_154' title='bbox 478 1483 574 1530; x_wconf 89' lang='lat' dir='ltr'><strong>inimica</strong></span> <span class='ocrx_word' id='word_1_155' title='bbox 582 1485 717 1546; x_wconf 81' lang='lat' dir='ltr'><strong>sequantur,</strong></span> 
     </span>
     <span class='ocr_line' id='line_1_23' title="bbox 69 1547 694 1610; baseline 0.003 -14"><span class='ocrx_word' id='word_1_156' title='bbox 69 1549 194 1598; x_wconf 84' lang='lat' dir='ltr'><strong>Continuo</strong></span> <span class='ocrx_word' id='word_1_157' title='bbox 206 1547 231 1594; x_wconf 89' lang='lat' dir='ltr'><strong>in</strong></span> <span class='ocrx_word' id='word_1_158' title='bbox 239 1548 334 1595; x_wconf 84' lang='lat' dir='ltr'><strong>montes</strong></span> <span class='ocrx_word' id='word_1_159' title='bbox 345 1548 389 1595; x_wconf 89' lang='lat' dir='ltr'><strong>sese</strong></span> <span class='ocrx_word' id='word_1_160' title='bbox 400 1549 465 1596; x_wconf 84' lang='lat' dir='ltr'><strong>arius</strong></span> <span class='ocrx_word' id='word_1_161' title='bbox 476 1549 567 1601; x_wconf 85' lang='lat' dir='ltr'><strong>abdidit</strong></span> <span class='ocrx_word' id='word_1_162' title='bbox 579 1548 649 1610; x_wconf 84' lang='lat' dir='ltr'><strong>altos,</strong></span> <span class='ocrx_word' id='word_1_163' title='bbox 690 1570 694 1580; x_wconf 70' lang='lat'><strong>,</strong></span> 
     </span>
    </p>

    <p class='ocr_par' dir='ltr' id='par_1_11' title="bbox 4 1611 756 1809">
     <span class='ocr_line' id='line_1_24' title="bbox 4 1611 686 1676; baseline 0.001 -14"><span class='ocrx_word' id='word_1_164' title='bbox 4 1669 5 1674; x_wconf 16' lang='lat'>¹</span> <span class='ocrx_word' id='word_1_165' title='bbox 68 1615 152 1676; x_wconf 88' lang='lat' dir='ltr'><strong>Occiso</strong></span> <span class='ocrx_word' id='word_1_166' title='bbox 163 1613 255 1676; x_wconf 87' lang='lat' dir='ltr'><strong>pastore</strong></span> <span class='ocrx_word' id='word_1_167' title='bbox 266 1611 345 1673; x_wconf 92' lang='lat' dir='ltr'><strong>lupus,</strong></span> <span class='ocrx_word' id='word_1_168' title='bbox 357 1629 472 1673; x_wconf 80' lang='lat' dir='ltr'><strong>magnove</strong></span> <span class='ocrx_word' id='word_1_169' title='bbox 480 1614 590 1676; x_wconf 87' lang='lat' dir='ltr'><strong>juvenco,</strong></span> <span class='ocrx_word' id='word_1_170' title='bbox 684 1663 686 1672; x_wconf 57' lang='lat'><strong>,</strong></span> 
     </span>
     <span class='ocr_line' id='line_1_25' title="bbox 67 1679 756 1741; baseline 0.001 -12"><span class='ocrx_word' id='word_1_171' title='bbox 67 1681 180 1732; x_wconf 84' lang='lat' dir='ltr'><strong>Conscius</strong></span> <span class='ocrx_word' id='word_1_172' title='bbox 191 1679 285 1728; x_wconf 89' lang='lat' dir='ltr'><strong>audacis</strong></span> <span class='ocrx_word' id='word_1_173' title='bbox 296 1679 365 1738; x_wconf 72' lang='lat' dir='ltr'><strong>fasti3</strong></span> <span class='ocrx_word' id='word_1_174' title='bbox 384 1683 530 1741; x_wconf 86' lang='lat' dir='ltr'><strong>caudamque</strong></span> <span class='ocrx_word' id='word_1_175' title='bbox 541 1679 672 1730; x_wconf 81' lang='lat' dir='ltr'><strong>remulcens</strong></span> <span class='ocrx_word' id='word_1_176' title='bbox 743 1681 756 1724; x_wconf 69' lang='lat' dir='ltr'><strong>i&#39;</strong></span> 
     </span>
     <span class='ocr_line' id='line_1_26' title="bbox 67 1746 658 1809; baseline 0.007 -15"><span class='ocrx_word' id='word_1_177' title='bbox 67 1747 172 1808; x_wconf 76' lang='lat' dir='ltr'><strong>subjecit</strong></span> <span class='ocrx_word' id='word_1_178' title='bbox 181 1747 328 1807; x_wconf 86' lang='lat' dir='ltr'><strong>pavitantem</strong></span> <span class='ocrx_word' id='word_1_179' title='bbox 340 1755 417 1806; x_wconf 85' lang='lat' dir='ltr'><strong>utero,</strong></span> <span class='ocrx_word' id='word_1_180' title='bbox 429 1746 549 1808; x_wconf 83' lang='lat' dir='ltr'><strong>sylvasque</strong></span> <span class='ocrx_word' id='word_1_181' title='bbox 559 1749 658 1809; x_wconf 85' lang='lat' dir='ltr'><strong>petivit:</strong></span> 
     </span>
    </p>

    <p class='ocr_par' dir='ltr' id='par_1_12' title="bbox 4 1811 693 1940">
     <span class='ocr_line' id='line_1_27' title="bbox 4 1811 693 1876; baseline 0.007 -17"><span class='ocrx_word' id='word_1_182' title='bbox 4 1867 5 1876; x_wconf 11' lang='grc' dir='ltr'>ἵ</span> <span class='ocrx_word' id='word_1_183' title='bbox 68 1815 140 1860; x_wconf 86' lang='lat' dir='ltr'><strong>Hand</strong></span> <span class='ocrx_word' id='word_1_184' title='bbox 148 1813 211 1860; x_wconf 80' lang='lat' dir='ltr'><strong>secus</strong></span> <span class='ocrx_word' id='word_1_185' title='bbox 223 1829 252 1860; x_wconf 82' lang='lat' dir='ltr'><strong>ex</strong></span> <span class='ocrx_word' id='word_1_186' title='bbox 262 1811 334 1860; x_wconf 91' lang='lat' dir='ltr'><strong>oculis</strong></span> <span class='ocrx_word' id='word_1_187' title='bbox 346 1813 486 1862; x_wconf 87' lang='lat' dir='ltr'><strong>seturbidus</strong></span> <span class='ocrx_word' id='word_1_188' title='bbox 497 1813 592 1864; x_wconf 87' lang='lat' dir='ltr'><strong>abstulit</strong></span> <span class='ocrx_word' id='word_1_189' title='bbox 600 1819 693 1876; x_wconf 84' lang='lat' dir='ltr'><strong>Aruns,</strong></span> 
     </span>
     <span class='ocr_line' id='line_1_28' title="bbox 67 1878 679 1940; baseline 0.011 -15"><span class='ocrx_word' id='word_1_190' title='bbox 67 1878 248 1940; x_wconf 78' lang='lat' dir='ltr'><strong>contentusque</strong></span> <span class='ocrx_word' id='word_1_191' title='bbox 260 1881 324 1940; x_wconf 86' lang='lat' dir='ltr'><strong>suga,</strong></span> <span class='ocrx_word' id='word_1_192' title='bbox 336 1881 419 1928; x_wconf 84' lang='lat' dir='ltr'><strong>mediis</strong></span> <span class='ocrx_word' id='word_1_193' title='bbox 429 1880 450 1928; x_wconf 90' lang='lat' dir='ltr'><strong>se</strong></span> <span class='ocrx_word' id='word_1_194' title='bbox 460 1880 586 1931; x_wconf 88' lang='lat' dir='ltr'><strong>immiscuit</strong></span> <span class='ocrx_word' id='word_1_195' title='bbox 598 1881 679 1936; x_wconf 79' lang='lat' dir='ltr'><strong>armis.</strong></span> 
     </span>
    </p>

    <p class='ocr_par' dir='ltr' id='par_1_13' title="bbox 4 1941 730 2010">
     <span class='ocr_line' id='line_1_29' title="bbox 4 1941 730 2010; baseline 0.015 -22"><span class='ocrx_word' id='word_1_196' title='bbox 4 1997 8 2006; x_wconf 43' lang='grc'>,</span> <span class='ocrx_word' id='word_1_197' title='bbox 67 1941 112 1990; x_wconf 86' lang='lat' dir='ltr'><strong>Illa</strong></span> <span class='ocrx_word' id='word_1_198' title='bbox 122 1961 193 1990; x_wconf 91' lang='lat' dir='ltr'><strong>mann</strong></span> <span class='ocrx_word' id='word_1_199' title='bbox 203 1945 305 1993; x_wconf 87' lang='lat' dir='ltr'><strong>moriens</strong></span> <span class='ocrx_word' id='word_1_200' title='bbox 316 1945 391 1994; x_wconf 88' lang='lat' dir='ltr'><strong>telum</strong></span> <span class='ocrx_word' id='word_1_201' title='bbox 401 1948 490 1996; x_wconf 80' lang='lat' dir='ltr'><strong>trahit:</strong></span> <span class='ocrx_word' id='word_1_202' title='bbox 510 1947 557 1996; x_wconf 80' lang='lat' dir='ltr'><strong>offa</strong></span> <span class='ocrx_word' id='word_1_203' title='bbox 569 1951 608 1996; x_wconf 90' lang='lat' dir='ltr'><strong>sed</strong></span> <span class='ocrx_word' id='word_1_204' title='bbox 618 1951 682 1998; x_wconf 85' lang='lat' dir='ltr'><strong>inter</strong></span> <span class='ocrx_word' id='word_1_205' title='bbox 727 2007 730 2010; x_wconf 26' lang='lat'>¹</span> 
     </span>
    </p>

    <p class='ocr_par' dir='ltr' id='par_1_14' title="bbox 4 2007 725 2140">
     <span class='ocr_line' id='line_1_30' title="bbox 4 2007 725 2066; baseline 0.01 -10"><span class='ocrx_word' id='word_1_206' title='bbox 4 2045 5 2062; x_wconf 69' lang='lat'><strong>,</strong></span> <span class='ocrx_word' id='word_1_207' title='bbox 67 2013 164 2057; x_wconf 87' lang='lat' dir='ltr'><strong>Ferreus</strong></span> <span class='ocrx_word' id='word_1_208' title='bbox 175 2012 206 2056; x_wconf 86' lang='lat' dir='ltr'><strong>ad</strong></span> <span class='ocrx_word' id='word_1_209' title='bbox 214 2007 287 2058; x_wconf 79' lang='lat' dir='ltr'><strong>costas</strong></span> <span class='ocrx_word' id='word_1_210' title='bbox 298 2010 348 2058; x_wconf 88' lang='lat' dir='ltr'><strong>alto</strong></span> <span class='ocrx_word' id='word_1_211' title='bbox 361 2011 508 2066; x_wconf 73' lang='lat' dir='ltr'><strong>statmrlnere</strong></span> <span class='ocrx_word' id='word_1_212' title='bbox 517 2009 611 2062; x_wconf 70' lang='lat' dir='ltr'><strong>rnncro&#39;.</strong></span> <span class='ocrx_word' id='word_1_213' title='bbox 723 2011 725 2015; x_wconf 56' lang='grc'>’</span> 
     </span>
     <span class='ocr_line' id='line_1_31' title="bbox 4 2075 614 2140; baseline 0.002 -17"><span class='ocrx_word' id='word_1_214' title='bbox 4 2113 5 2140; x_wconf 70' lang='lat'>3</span> <span class='ocrx_word' id='word_1_215' title='bbox 66 2075 170 2124; x_wconf 88' lang='lat' dir='ltr'><strong>Labitur</strong></span> <span class='ocrx_word' id='word_1_216' title='bbox 178 2075 313 2134; x_wconf 81' lang='lat' dir='ltr'><strong>exsanguis:</strong></span> <span class='ocrx_word' id='word_1_217' title='bbox 334 2075 446 2125; x_wconf 87' lang='lat' dir='ltr'><strong>labuntur</strong></span> <span class='ocrx_word' id='word_1_218' title='bbox 454 2078 539 2138; x_wconf 84' lang='lat' dir='ltr'><strong>frigida</strong></span> <span class='ocrx_word' id='word_1_219' title='bbox 548 2077 614 2126; x_wconf 88' lang='lat' dir='ltr'><strong>letho</strong></span> 
     </span>
    </p>

    <p class='ocr_par' dir='ltr' id='par_1_15' title="bbox 4 2141 773 2340">
     <span class='ocr_line' id='line_1_32' title="bbox 4 2141 739 2207; baseline 0.004 -17"><span class='ocrx_word' id='word_1_220' title='bbox 4 2159 21 2182; x_wconf 65' lang='lat' dir='ltr'><strong>i·</strong></span> <span class='ocrx_word' id='word_1_221' title='bbox 52 2141 186 2190; x_wconf 61' lang='lat' dir='ltr'><strong>&#39;Lamiam</strong></span> <span class='ocrx_word' id='word_1_222' title='bbox 207 2157 335 2202; x_wconf 88' lang='lat' dir='ltr'><strong>purpureus</strong></span> <span class='ocrx_word' id='word_1_223' title='bbox 346 2145 467 2204; x_wconf 88' lang='lat' dir='ltr'><strong>quondam</strong></span> <span class='ocrx_word' id='word_1_224' title='bbox 480 2143 544 2191; x_wconf 91' lang='lat' dir='ltr'><strong>color</strong></span> <span class='ocrx_word' id='word_1_225' title='bbox 555 2161 596 2191; x_wconf 86' lang='lat' dir='ltr'><strong>ora</strong></span> <span class='ocrx_word' id='word_1_226' title='bbox 607 2142 710 2207; x_wconf 88' lang='lat' dir='ltr'><strong>reliquit.</strong></span> <span class='ocrx_word' id='word_1_227' title='bbox 735 2194 739 2204; x_wconf 75' lang='grc'><em>,</em></span> 
     </span>
     <span class='ocr_line' id='line_1_33' title="bbox 63 2205 773 2271; baseline 0.004 -15"><span class='ocrx_word' id='word_1_228' title='bbox 63 2210 130 2256; x_wconf 88' lang='lat' dir='ltr'><strong>Tum</strong></span> <span class='ocrx_word' id='word_1_229' title='bbox 144 2207 174 2255; x_wconf 86' lang='lat' dir='ltr'><strong>src</strong></span> <span class='ocrx_word' id='word_1_230' title='bbox 183 2205 302 2270; x_wconf 80' lang='lat' dir='ltr'><strong>exspirans</strong></span> <span class='ocrx_word' id='word_1_231' title='bbox 311 2213 403 2258; x_wconf 85' lang='lat' dir='ltr'><strong>Accam</strong></span> <span class='ocrx_word' id='word_1_232' title='bbox 415 2227 445 2258; x_wconf 85' lang='lat' dir='ltr'><strong>ex</strong></span> <span class='ocrx_word' id='word_1_233' title='bbox 457 2208 592 2271; x_wconf 84' lang='lat' dir='ltr'><strong>aequalibus</strong></span> <span class='ocrx_word' id='word_1_234' title='bbox 604 2227 678 2260; x_wconf 86' lang='lat' dir='ltr'><strong>unam</strong></span> <span class='ocrx_word' id='word_1_235' title='bbox 771 2217 773 2222; x_wconf 83' lang='grc'>’</span> 
     </span>
     <span class='ocr_line' id='line_1_34' title="bbox 4 2273 678 2340; baseline 0.009 -19"><span class='ocrx_word' id='word_1_236' title='bbox 4 2309 5 2312; x_wconf 65' lang='lat'><strong>,</strong></span> <span class='ocrx_word' id='word_1_237' title='bbox 66 2273 220 2335; x_wconf 87' lang='lat' dir='ltr'><strong>Alloquitur;</strong></span> <span class='ocrx_word' id='word_1_238' title='bbox 239 2274 285 2322; x_wconf 90' lang='lat' dir='ltr'><strong>fida</strong></span> <span class='ocrx_word' id='word_1_239' title='bbox 296 2285 353 2324; x_wconf 89' lang='lat' dir='ltr'><strong>ante</strong></span> <span class='ocrx_word' id='word_1_240' title='bbox 365 2275 420 2324; x_wconf 85' lang='lat' dir='ltr'><strong>alias</strong></span> <span class='ocrx_word' id='word_1_241' title='bbox 430 2293 489 2338; x_wconf 87' lang='lat' dir='ltr'><strong>qnae</strong></span> <span class='ocrx_word' id='word_1_242' title='bbox 498 2276 546 2326; x_wconf 88' lang='lat' dir='ltr'><strong>sola</strong></span> <span class='ocrx_word' id='word_1_243' title='bbox 554 2275 678 2340; x_wconf 80' lang='lat' dir='ltr'><strong>Camillae,</strong></span> 
     </span>
    </p>

    <p class='ocr_par' dir='ltr' id='par_1_16' title="bbox 4 2341 737 2672">
     <span class='ocr_line' id='line_1_35' title="bbox 4 2341 641 2408; baseline 0.009 -22"><span class='ocrx_word' id='word_1_244' title='bbox 4 2341 5 2348; x_wconf 75' lang='grc'>’</span> <span class='ocrx_word' id='word_1_245' title='bbox 67 2341 169 2408; x_wconf 83' lang='lat' dir='ltr'><strong>Qicum</strong></span> <span class='ocrx_word' id='word_1_246' title='bbox 178 2341 261 2402; x_wconf 81' lang='lat' dir='ltr'><strong>par&#39;tiri</strong></span> <span class='ocrx_word' id='word_1_247' title='bbox 272 2357 350 2400; x_wconf 86' lang='lat' dir='ltr'><strong>curas;</strong></span> <span class='ocrx_word' id='word_1_248' title='bbox 370 2353 441 2405; x_wconf 87' lang='lat' dir='ltr'><strong>atque</strong></span> <span class='ocrx_word' id='word_1_249' title='bbox 450 2344 507 2392; x_wconf 86' lang='lat' dir='ltr'><strong>haec</strong></span> <span class='ocrx_word' id='word_1_250' title='bbox 518 2344 552 2393; x_wconf 88' lang='lat' dir='ltr'><strong>ita</strong></span> <span class='ocrx_word' id='word_1_251' title='bbox 564 2347 641 2394; x_wconf 85' lang='lat' dir='ltr'><strong>fatur:</strong></span> 
     </span>
     <span class='ocr_line' id='line_1_36' title="bbox 64 2409 737 2470; baseline 0.015 -16"><span class='ocrx_word' id='word_1_252' title='bbox 64 2409 183 2455; x_wconf 77' lang='lat' dir='ltr'><strong>Hastenus</strong></span> <span class='ocrx_word' id='word_1_253' title='bbox 192 2411 268 2466; x_wconf 88' lang='lat' dir='ltr'><strong>Acca,</strong></span> <span class='ocrx_word' id='word_1_254' title='bbox 280 2409 352 2467; x_wconf 80' lang='lat' dir='ltr'><strong>soror,</strong></span> <span class='ocrx_word' id='word_1_255' title='bbox 366 2409 446 2470; x_wconf 89' lang='lat' dir='ltr'><strong>potui:</strong></span> <span class='ocrx_word' id='word_1_256' title='bbox 467 2427 529 2458; x_wconf 79' lang='lat' dir='ltr'><strong>nirnc</strong></span> <span class='ocrx_word' id='word_1_257' title='bbox 537 2410 620 2460; x_wconf 85' lang='lat' dir='ltr'><strong>vulnus</strong></span> <span class='ocrx_word' id='word_1_258' title='bbox 628 2413 737 2464; x_wconf 78' lang='lat' dir='ltr'><strong>acerbum</strong></span> 
     </span>
     <span class='ocr_line' id='line_1_37' title="bbox 64 2471 726 2537; baseline 0.012 -18"><span class='ocrx_word' id='word_1_259' title='bbox 64 2471 176 2532; x_wconf 88' lang='lat' dir='ltr'><strong>Conficit,</strong></span> <span class='ocrx_word' id='word_1_260' title='bbox 189 2485 214 2522; x_wconf 83' lang='lat' dir='ltr'><strong>et</strong></span> <span class='ocrx_word' id='word_1_261' title='bbox 224 2475 326 2523; x_wconf 87' lang='lat' dir='ltr'><strong>tenebris</strong></span> <span class='ocrx_word' id='word_1_262' title='bbox 338 2477 469 2537; x_wconf 84' lang='lat' dir='ltr'><strong>nigrescunt</strong></span> <span class='ocrx_word' id='word_1_263' title='bbox 481 2478 562 2526; x_wconf 88' lang='lat' dir='ltr'><strong>omnia</strong></span> <span class='ocrx_word' id='word_1_264' title='bbox 573 2479 669 2527; x_wconf 89' lang='lat' dir='ltr'><strong>circum.</strong></span> <span class='ocrx_word' id='word_1_265' title='bbox 723 2499 726 2505; x_wconf 66' lang='lat'><strong><em>¹</em></strong></span> 
     </span>
     <span class='ocr_line' id='line_1_38' title="bbox 64 2535 712 2607; baseline 0.015 -21"><span class='ocrx_word' id='word_1_266' title='bbox 64 2535 155 2599; x_wconf 78' lang='lat' dir='ltr'><strong>Effuge,</strong></span> <span class='ocrx_word' id='word_1_267' title='bbox 168 2549 192 2588; x_wconf 88' lang='lat' dir='ltr'><strong>et</strong></span> <span class='ocrx_word' id='word_1_268' title='bbox 202 2539 259 2588; x_wconf 88' lang='lat' dir='ltr'><strong>hacc</strong></span> <span class='ocrx_word' id='word_1_269' title='bbox 270 2543 355 2592; x_wconf 89' lang='lat' dir='ltr'><strong>Turno</strong></span> <span class='ocrx_word' id='word_1_270' title='bbox 367 2545 480 2592; x_wconf 69' lang='lat' dir='ltr'><strong>ma‘ndata</strong></span> <span class='ocrx_word' id='word_1_271' title='bbox 491 2545 613 2594; x_wconf 80' lang='lat' dir='ltr'><strong>novissima</strong></span> <span class='ocrx_word' id='word_1_272' title='bbox 621 2549 712 2607; x_wconf 86' lang='lat' dir='ltr'><strong>perfer:</strong></span> 
     </span>
     <span class='ocr_line' id='line_1_39' title="bbox 65 2607 623 2672; baseline 0.018 -22"><span class='ocrx_word' id='word_1_273' title='bbox 65 2607 177 2654; x_wconf 87' lang='lat' dir='ltr'><strong>Succedat</strong></span> <span class='ocrx_word' id='word_1_274' title='bbox 188 2615 287 2666; x_wconf 80' lang='lat' dir='ltr'><strong>pugnae,</strong></span> <span class='ocrx_word' id='word_1_275' title='bbox 296 2609 458 2672; x_wconf 76' lang='lat' dir='ltr'><strong>Troianosque</strong></span> <span class='ocrx_word' id='word_1_276' title='bbox 470 2621 546 2660; x_wconf 84' lang='lat' dir='ltr'><strong>arceat</strong></span> <span class='ocrx_word' id='word_1_277' title='bbox 558 2614 623 2662; x_wconf 67' lang='lat' dir='ltr'><strong>urbe,</strong></span> 
     </span>
    </p>

    <p class='ocr_par' dir='ltr' id='par_1_17' title="bbox 65 2671 714 2741">
     <span class='ocr_line' id='line_1_40' title="bbox 65 2671 714 2741; baseline 0.018 -24"><span class='ocrx_word' id='word_1_278' title='bbox 65 2672 165 2734; x_wconf 89' lang='lat' dir='ltr'><strong>Jamque</strong></span> <span class='ocrx_word' id='word_1_279' title='bbox 177 2671 235 2720; x_wconf 80' lang='lat' dir='ltr'><strong>vale.</strong></span> <span class='ocrx_word' id='word_1_280' title='bbox 255 2673 329 2724; x_wconf 82' lang='lat' dir='ltr'><strong>Simul</strong></span> <span class='ocrx_word' id='word_1_281' title='bbox 340 2675 377 2725; x_wconf 86' lang='lat' dir='ltr'><strong>his</strong></span> <span class='ocrx_word' id='word_1_282' title='bbox 387 2678 455 2726; x_wconf 76' lang='lat' dir='ltr'><strong>dietis</strong></span> <span class='ocrx_word' id='word_1_283' title='bbox 467 2675 590 2741; x_wconf 88' lang='lat' dir='ltr'><strong>linquebat</strong></span> <span class='ocrx_word' id='word_1_284' title='bbox 601 2677 714 2740; x_wconf 85' lang='lat' dir='ltr'><strong>habenas,</strong></span> 
     </span>
    </p>
   </div>
   <div class='ocr_carea' id='block_1_3' title="bbox 0 0 908 2912">
    <p class='ocr_par' dir='ltr' id='par_1_18' title="bbox 0 0 908 2912">
     <span class='ocr_line' id='line_1_41' title="bbox 0 0 908 2912; baseline 0 2"><span class='ocrx_word' id='word_1_285' title='bbox 0 0 908 2912; x_wconf 95' lang='lat' dir='ltr'><strong> </strong></span> 
     </span>
    </p>
   </div>
  </div>
 </body>
</html>
