1804 2904
97 62 127 113 ού
271 61 500 110 uenonu
534 63 567 110 x.
619 58 660 119 5⁶.

96 165 150 210 Aut
161 177 224 210 aeres
235 164 340 210 venabor
350 177 433 224 apros:
453 177 503 210 non
515 171 553 208 me
564 157 613 208 uisa
623 162 741 209 vetabunt
816 171 821 178 '

95 228 191 288 Frigora
203 227 344 278 Parthenios
355 229 451 276 canibus
462 228 606 276 circumdare
617 223 696 280 saltus.

94 295 150 358 Jam
162 294 222 342 mihi
234 311 277 358 per
286 311 355 356 rupes
365 295 446 344 videor
457 293 566 356 lucosque
578 294 687 342 sonantes
763 293 766 298 '

95 363 145 410 Ire:
165 360 223 411 libet
235 361 324 409 Partho
336 370 446 424 torquere
458 362 566 422 Cydonia
578 376 651 410 comu

95 427 203 490 Spicuia;
221 439 338 488 tanquam
350 427 407 476 haec
419 427 465 476 srnt
477 425 549 477 nostri
559 429 675 478 medicina
685 426 785 488 furoris.

95 501 150 546 Aut
161 498 216 545 deus
228 493 266 542 ille
278 493 346 543 mulie
356 494 483 544 hominum
495 495 613 544 mitescere
625 495 705 544 discut.

95 565 150 628 Jam
157 578 237 623 :neque
246 563 426 624 Hamadryades
436 563 536 630 nusum,
549 579 592 611 nec
603 563 708 612 cannina
719 561 793 610 nobis

95 631 147 691 Ipsa
158 629 267 690 placent:
288 629 350 690 ipsae
362 630 451 681 rursum
462 631 584 678 concedite
595 629 671 679 filv'ae.

95 699 153 744 Non
164 693 232 743 iilum
245 695 317 744 nostri
329 694 424 758 possunt
437 705 529 746 mutare
540 693 644 756 laborem

95 767 147 810 Nec
158 761 312 823 snfrigoribus
319 764 407 814 mediis
418 767 573 824 Hebrumque
583 764 703 822 bibamus,

95 828 337 890 Sithoniasqueuives
349 830 433 878 hiemis
444 829 567 878 subeamus
578 830 692 890 aquosae:

95 899 146 944 Nec
158 894 184 954 su,
197 897 252 947 cium
264 897 367 944 moriens
378 891 427 944 alta
438 895 557 945 liberaret
569 893 594 942 in
605 893 681 952 ulmo,

95 961 247 1024 Aethiopum
258 963 374 1012 versemus
385 979 440 1012 oves
451 962 492 1012 sub
504 961 578 1012 srdere
587 963 680 1011 Cancri
744 985 747 994 ,

95 1029 185 1078 Omnia
196 1031 271 1080 vincit
280 1037 371 1090 Amor;
391 1041 415 1078 et
428 1047 470 1078 nos
482 1032 591 1078 cedamus
600 1027 695 1076 Amori.

94 1099 161 1144 Haec
169 1097 206 1146 sat
216 1099 272 1156 erit,
279 1099 365 1153 Divae,
376 1095 476 1142 vestrum
488 1093 593 1158 ceciuiise
603 1096 709 1154 poetam,
758 1117 762 1126 =

94 1164 162 1212 Dum
175 1164 246 1221 sedet,
259 1173 283 1211 et
295 1160 373 1224 gruciii
384 1159 494 1210 fiscellam
502 1161 566 1210 texit
575 1159 685 1220 hibisco,·
721 1195 729 1202 -

96 1231 199 1279 Pierides
203 1247 210 1288 ;
230 1245 271 1277 vos
282 1229 340 1278 baec
351 1227 442 1276 facietis
453 1229 559 1276 maxima
571 1225 657 1280 Gallu:

96 1295 178 1356 Ga'llo,
191 1297 254 1358 cujus
265 1311 333 1344 umor
344 1305 440 1346 tantum
452 1295 513 1342 mihi
523 1293 604 1345 crescit
615 1295 639 1340 in
652 1292 731 1352 horas,

97 1365 224 1427 Quintum
234 1377 285 1410 vere
298 1379 360 1411 novo
371 1361 452 1410 viridis
462 1362 485 1410 se
497 1361 589 1424 subjicit
599 1358 675 1410 alnus..

71 1439 72 1446 ¹
97 1435 236 1488 surgamus:
256 1427 314 1478 solet
323 1425 366 1480 eise
376 1429 452 1490 gravis
461 1428 612 1478 cantantibus
621 1429 719 1482 umbra:

96 1495 203 1562 Juuip'eri
215 1496 291 1557 gravis
302 1499 399 1555 umbra3
419 1505 508 1544 nocent
519 1505 542 1544 et
555 1494 659 1555 frugibus
670 1496 780 1554 umbrat..

93 1563 242 1615 itedomum
254 1563 354 1628 saturae,
366 1563 432 1616 venit
444 1563 570 1628 Hesperus,
580 1562 616 1612 ite
627 1559 737 1625 capellae.
