1806 2912
172 59 423 137 nunninus
457 85 544 133 nro.
575 83 619 132 rx.
671 85 727 145 279.
778 81 826 141 ης

15 191 17 226 t
91 183 136 230 Seu
148 195 240 242 pacem,
251 179 293 229 seu
301 176 362 227 belia
373 193 464 240 geram3
483 178 529 226 tibi
541 176 647 226 maxima
658 191 744 234 rerum,

90 249 268 309 Verborumqne
277 245 340 296 fides.
363 249 452 294 Contra
463 261 534 307 quem
545 242 604 292 talia
612 247 677 294 fatur

92 309 220 374 Euryalus:
240 316 282 360 Me
293 309 359 360 nulia
371 312 419 360 dius
429 322 483 360 tam
492 311 593 360 sortibus
604 309 666 359 ansts>

91 377 234 428 Dissimilem
245 378 359 439 arguerit3
377 385 470 427 tantum
483 381 579 427 fortune
588 377 697 434 secunda,

91 441 164 494 Haud
175 445 267 496 adversa
275 447 353 494 eadat.
374 447 420 492 Sed
430 454 454 493 te
463 444 529 504 super
540 445 621 492 omnia
632 445 695 491 dona
773 469 776 476 ·

93 515 175 560 Unum
187 525 243 560 oror
267 511 374 572 genetrix
386 511 475 560 Priami
486 512 514 558 de
527 521 595 572 gente
605 507 697 558 vetusta

93 575 135 626 Est
147 577 216 638 mihi,
229 593 303 639 quam
313 579 420 625 miseram
431 577 509 626 tenuit
521 592 569 624 non
580 575 622 624 {iia
633 575 702 624 tellus

93 645 190 692 Mecum
201 645 364 702 excedentem,
377 660 427 693 non
439 643 533 692 moenia
544 643 603 703 regis
612 641 719 690 Acestae.

92 712 163 759 Hanc
175 726 219 770 ego
230 725 294 758 nunc*
305 711 410 772 ignaram
422 709 492 772 hujus
503 711 660 770 quodeunque
672 704 753 770 pericli
764 704 806 766 esi,

94 778 171 837 Inque
183 773 306 824 salutatam
318 773 413 838 iinquo;
432 791 490 834 nox,
502 785 527 824 et
538 783 580 823 tua
590 774 658 824 testis·

92 843 211 901 Dextera,
221 843 286 904 quod
294 858 409 904 nequeam
417 839 531 904 lacrymas
539 843 639 903 perferre
651 841 763 902 parentis.

12 907 13 916 ’
92 911 132 957 At
143 917 180 966 tu,
192 925 243 966 oro,
254 905 327 956 solare
336 910 441 970 inopem,
453 919 478 958 et
488 908 592 956 succurre
602 906 702 956 reiisiae.

92 976 165 1024 Hane
172 973 219 1024 stne
230 991 268 1022 me
277 975 342 1036 spem
349 977 409 1023 serre
421 976 469 1024 tui:
488 975 613 1024 audentior
620 973 659 1022 ibo

93 1041 123 1088 in
134 1040 197 1089 casus
209 1056 300 1090 omnes.
319 1037 425 1090 Percussa
433 1051 512 1089 mento
523 1043 638 1090 dederunt

92 1107 245 1164 Dardanidae
256 1106 384 1168 lacrymas:
404 1117 459 1156 ante
468 1123 550 1156 omnes
562 1103 660 1167 pulcher
670 1103 746 1166 tuine,

10 1223 11 1238 2
93 1175 180 1234 Atque
188 1175 294 1222 animum
304 1175 394 1236 patriae
406 1172 499 1224 strinxit
510 1173 606 1235 pietatis
617 1173 703 1236 imago.
751 1205 755 1220 t

10 1243 12 1258 ¹
93 1239 159 1288 Tum
172 1237 307 1304 srceffatur:
638 1300 640 1306 Ι

10 1349 11 1354 ,
95 1307 205 1366 Spondeo
216 1307 287 1369 digna
296 1309 486 1372 tuisjngentibus
497 1307 579 1356 omnin
589 1306 686 1369 coeptis.

93 1371 205 1433 Namque
214 1375 258 1422 etit
268 1372 310 1422 isia
317 1374 376 1422 mihi
388 1375 504 1436 genetrix,
516 1385 651 1436 nomenque
660 1371 761 1424 creusae

94 1434 176 1484 Solum
189 1437 301 1495 defuerim
320 1454 363 1486 nee
375 1449 469 1497 partum
481 1440 560 1500 gratias
566 1438 640 1488 taiem

9 1547 10 1558 ,
93 1503 172 1552 Parva
184 1511 284 1564 munet·k
296 1501 360 1552 casus
370 1505 457 1550 tanum
465 1505 600 1564 quicunque
611 1506 744 1565 sequentur.

93 1567 140 1616 Per
151 1576 223 1628 eaput
234 1567 281 1614 hoc
289 1565 353 1628 juro,
364 1583 406 1628 per
417 1571 482 1629 quod
494 1577 564 1629 pater
571 1579 627 1618 ante
639 1569 742 1618 solebat:

9 1657 10 1660 ¹
94 1635 163 1698 Qae
172 1633 217 1682 eibi
225 1629 338 1694 polliceor
344 1633 431 1692 reduci,
443 1633 556 1696 rebusque
568 1635 682 1693 secundis,
770 1675 775 1684 ,

92 1701 159 1749 Haec
169 1701 251 1748 eadem
264 1699 381 1762 matrique
393 1709 447 1749 tuae
457 1700 581 1763 generique
589 1703 729 1750 manebunt.

94 1766 132 1814 Sic
144 1766 177 1814 ait
186 1763 347 1828 illacrymans;
366 1767 466 1816 humero
477 1766 547 1814 fimus
556 1767 622 1818 exuit
633 1767 711 1816 ensem

9 1859 10 1862 =
94 1835 226 1891 Auratum,
239 1831 298 1882 mira
308 1846 379 1894 quem
388 1835 474 1884 fecerat
486 1835 645 1896 arteLyeaon
707 1881 710 1890 ,

9 1899 15 1942 ’.
95 1895 205 1956 Gnostus,
217 1907 289 1960 atque
299 1897 401 1948 habilem
411 1901 494 1961 vagina
506 1897 602 1962 aptairat
613 1902 709 1948 eburna.

9 1961 11 1998 i
93 1965 145 2012 Dat
156 1964 213 2012 Niso
222 1963 359 2013 Mnestheus
368 1965 453 2026 pellem
466 1967 629 2028 horrentisque
638 1963 712 2028 leonis

94 2029 212 2077 Exuvias:
232 2029 321 2090 galeam
333 2031 392 2078 fidus
403 2042 524 2092 permutat
533 2032 642 2082 Alethes.

94 2095 208 2144 Protinus
216 2095 302 2144 armati
313 2097 438 2144 incedunt:
458 2115 517 2160 quos
528 2098 606 2145 omnis
615 2107 698 2145 euntes

94 2162 229 2212 Primorum
238 2178 322 2210 manus
331 2164 360 2210 ad
368 2173 458 2222 portas,
468 2166 628 2225 juvenumque
640 2163 778 2228 senumque,

94 2228 245 2289 Prosequitur
256 2228 325 2276 votis.
349 2231 400 2276 Nec
411 2245 460 2276 non
470 2239 493 2278 et
505 2229 601 2291 pulcher·
612 2227 686 2287 tulus,

92 2297 163 2342 Ante
174 2309 249 2342 annos
258 2295 412 2355 animumque
422 2311 502 2356 gerens
511 2311 637 2357 curamque
648 2295 749 2358 virilem,

92 2358 173 2408 Multa
183 2359 244 2422 patri
257 2363 373 2421 portanda
384 2363 455 2409 dabat
468 2364 594 2411 mandatae
614 2363 652 2411 sed
663 2379 732 2414 aurae

43 2445 45 2449 ’
94 2427 184 2472 Omnia
194 2427 337 2487 discerpunt,
347 2435 372 2474 et
384 2429 483 2475 nubibus
495 2429 561 2478 irrita
572 2431 672 2478 donant.

92 2489 179 2552 Egressi
193 2492 299 2551 superant
312 2492 389 2552 fossas,
402 2494 521 2558 nodisque
529 2511 571 2556 per
580 2498 690 2544 umbram

9 2585 21 2602 =.
92 2556 174 2605 Castra
186 2557 281 2606 inimica
292 2570 385 2619 petunt,
398 2560 572 2612 muitis'tamen
583 2571 639 2610 ante
652 2561 724 2612 futuri

94 2623 186 2671 Exitio.
205 2623 289 2674 Passim
301 2626 383 2675 somno
394 2628 496 2690 vinoque
507 2646 550 2690 per
560 2629 660 2676 herbam

93 2691 200 2750 Corpora
211 2692 261 2740 susa
269 2692 360 2753 rident,
370 2697 471 2743 mestos
482 2693 551 2745 litore
562 2709 643 2744 currus
723 2729 729 2733 -

436 2761 490 2810 ἵε

864 1521 892 1582 5,
