1806 2912
92 32 143 94 2⁶4
198 9 453 90 Aruernos
485 42 572 90 arn.
602 43 645 94 ut
695 41 752 105 630.

90 135 189 193 Audiit,
202 146 226 186 et
235 137 295 186 coeii
303 138 395 199 genitor
404 139 432 184 de
437 145 507 195 parte
515 138 595 186 serena

91 202 202 251 intonuit
211 200 311 252 laevum.
330 207 402 250 Sonat
412 202 461 250 uni
473 203 554 250 fatifer
564 221 642 263 arcuse
677 238 682 246 -

91 271 126 318 Et
138 270 198 329 fugit
208 269 347 318 horrendum
358 266 455 316 stridens
465 271 566 318 addusta
574 269 668 332 sagitta,

92 337 184 396 Perque
195 345 264 395 caput
277 331 370 382 Remuli
378 335 453 392 venit,
465 345 490 384 et
502 352 558 385 cava
568 347 677 396 tempora
688 341 753 390 ferro

91 402 199 464 Traiicit:
219 405 236 455 1,
249 399 322 447 verbis
330 400 444 450 virtutem
455 401 526 451 illude
534 403 648 463 superbis:

92 467 133 518 uie
141 467 203 528 capti
218 465 318 526 Phryges
326 465 385 515 haec
392 467 488 516 Rutulis
500 469 604 530 responsa
612 470 751 520 remittunt.

91 537 156 583 Haec
166 539 258 580 tantum
271 531 397 582 Ascanius.
415 535 500 584 Teucri
512 534 612 583 clamore
623 535 764 596 sequuntur,

89 597 237 658 Laetitiaque
246 599 364 658 fremunt,
376 601 511 662 animosque
519 603 549 650 ad
559 601 630 650 sidera
638 599 736 652 tollunt.
804 625 807 630 ¹

109 721 111 731 Α
121 663 236 712 Aetheria
246 673 299 714 tum
311 669 374 716 forte
385 666 453 734 pirgo
463 668 560 717 crinitus
569 666 660 729 Apollo

87 729 192 790 Desuper
206 731 323 781 Ausonias
332 735 391 783 acies
399 737 528 796 urbemque
536 735 641 793 videbat,

87 799 156 846 Nube
168 797 262 854 sedensz
282 809 357 862 atque
367 800 404 850 his
415 801 526 850 vitiorem
536 799 622 850 affatur
629 801 726 850 lulume

85 865 167 912 Maste
179 880 241 914 nora
250 867 347 926 virtute,
360 885 430 929 puer:
451 867 480 917 sre
491 869 577 918 iturad
588 867 659 928 asira3

85 928 135 979 Dis
146 929 234 992 genite,
246 941 271 982 et
279 934 385 996 geniture
393 938 467 984 Deos.
486 938 543 998 Jure
550 935 631 984 omnia
640 933 702 984 bella

87 1001 169 1047 Gente
180 998 221 1046 sub
235 998 340 1050 Assaraci
349 1003 401 1050 sato
409 1012 507 1051 ventura
519 1001 634 1060 resident:

87 1065 177 1115 Necte
185 1067 260 1130 Troja
272 1069 343 1130 capit.
363 1067 439 1116 Simul
448 1069 505 1118 baec
516 1067 608 1126 effatus,
621 1071 650 1116 ab
662 1065 713 1120 aito

88 1131 196 1181 Aethere
207 1133 323 1206 sermittilt,
335 1134 449 1194 spirantes
457 1135 564 1182 dimovet
575 1149 650 1192 auras,

87 1198 267 1260 Ascaniumque
276 1198 344 1259 petit.
364 1201 474 1246 Formam
484 1210 537 1247 tum
546 1199 647 1260 vertitur
658 1199 707 1249 oris

88 1265 228 1325 Antiquom
239 1263 264 1312 in
278 1267 361 1314 Buten.
381 1264 426 1311 Hic
436 1264 561 1312 Dardanio
568 1264 689 1330 Anchisae

86 1330 199 1390 Armiger
208 1342 264 1378 ante
276 1330 330 1387 fuit,
343 1328 447 1392 fidusque
457 1331 488 1380 ad
499 1328 582 1378 limina
591 1327 673 1376 cusios.

86 1395 152 1444 Tum
160 1395 274 1446 comiteur
281 1395 385 1446 Ascanio
395 1396 570 1457 pateraddidit.
589 1397 642 1460 ibet
650 1392 742 1456 Apollo

87 1461 177 1512 Omnia¹
187 1461 301 1524 longaevo
310 1461 399 1523 similis,
409 1479 547 1525 vocemque,
559 1460 718 1525 coloremque,

87 1530 122 1580 Et
131 1530 206 1579 crines
216 1527 292 1589 albos,
304 1540 328 1580 et
339 1529 406 1578 saera
416 1529 538 1578 sonoribus
546 1545 627 1588 arnra3
744 1537 747 1540 '

11 1621 20 1642 ι.
87 1599 174 1660 Atque
185 1595 222 1646 his
231 1595 354 1646 ardentem
366 1595 529 1647 ditiisaisatur
538 1593 632 1646 iulum:

88 1663 125 1714 Sit
135 1663 199 1724 setis,
209 1665 326 1723 Aeneide,
338 1663 392 1713 'telis
398 1664 497 1726 impune
504 1667 643 1715 Numanum

88 1727 220 1791 oppetiisse
227 1730 288 1780 tuis:
307 1731 409 1792 primam
420 1729 481 1780 banc
491 1731 536 1779 tibi
548 1743 647 1790 magnus
655 1726 745 1790 Apollo

88 1797 205 1845 Concedit
213 1794 316 1854 laudem,
329 1806 353 1846 et
362 1797 459 1858 paribus
469 1813 518 1846 non
525 1797 615 1846 invidet
626 1795 707 1847 armis.

88 1863 187 1912 Caetera
197 1877 276 1923 perce,
289 1879 354 1924 puer,
368 1859 437 1910 beilo.
457 1863 496 1911 Sic
504 1862 567 1910 orsus
576 1859 677 1922 Apollo,

88 1926 204 1978 Mortales
215 1927 293 1978 medio
304 1929 407 1988 aspestus
415 1927 522 1978 sermone
533 1925 638 1989 reliquit,

88 1996 125 2045 Et
135 1993 216 2058 procul
225 1995 250 2043 in
258 2004 353 2044 tenuem
363 2011 393 2043 ex
402 1992 476 2043 oculis
482 1993 579 2043 euanuit
587 1993 689 2043 auram(

89 2059 219 2124 Agnovere
226 2064 308 2111 Deum
316 2076 420 2123 proceres
428 2057 555 2123 divinaque
564 2059 611 2110 teia

88 2129 252 2188 Dardanidae,
262 2128 444 2190 pharetramque
454 2131 510 2189 suga
516 2125 605 2176 sensdre
612 2127 743 2175 sonantem.

89 2198 155 2256 Ergo
163 2196 258 2244 avidum
268 2211 369 2256 pugnae,
380 2195 448 2243 distis
457 2211 485 2243 ac
494 2195 591 2244 numine
599 2192 699 2250 Phoebi,

88 2260 222 2310 Ascanium
233 2261 375 2322 prohibent:
394 2258 435 2322 ipfi
445 2262 470 2308 in
480 2259 609 2319 certamine
619 2257 696 2306 mrsus

88 2325 232 2386 succedunt,
244 2326 381 2390 animasque
390 2327 414 2376 in
425 2336 507 2389 aperta
514 2323 613 2389 pericula
622 2324 734 2372 mittunt·

88 2391 112 2437 lt
123 2389 214 2440 clamor
224 2391 283 2442 tous
292 2409 335 2452 per
343 2391 518 2458 propugnaeula
530 2390 614 2442 murier

88 2454 222 2506 lntmdunt
233 2473 297 2504 aeres
305 2473 381 2519 arens,
393 2472 535 2522 amentaque
542 2465 665 2518 torquent.
726 2511 731 2516 ,

17 2561 20 2572 ,
87 2517 208 2566 Sternitur
216 2537 288 2569 omne
297 2522 372 2578 solum
381 2524 448 2574 telis:
467 2538 521 2577 tum
532 2525 732 2583 scuta,cavaeque

85 2577 156 2626 Dent
165 2582 270 2633 sonitum
283 2589 347 2637 flictu
358 2589 450 2652 galeae:
469 2592 639 2654 pugna-aspera
649 2587 730 2651 surgit.

86 2639 199 2703 thus
207 2651 237 2696 ab
247 2653 330 2703 occasu
338 2657 433 2708 veniens
440 2657 582 2718 piuviaiibus
591 2655 680 2708 Hoedis
