1818 2914
18 53 19 76 y
140 48 149 60 ⁴
431 74 433 89 4
890 45 891 70 J

18 89 21 140 t
163 88 611 148 Araunruoauraru.
665 99 720 146 135.
791 96 839 145 147
890 91 891 106 ³

93 199 146 244 Stat
158 193 263 254 sonipes,
276 207 303 238 ac
313 191 394 238 fraena
405 191 472 236 ferox
483 186 619 248 spumantia
631 187 733 240 mandit.
890 177 891 198 ¹

91 263 206 311 Tandem
218 257 376 320 progreditur,
387 271 478 315 magna
485 253 587 314 stipante
599 261 703 310 caterua,
723 269 725 278 ·
754 297 759 312 ,

93 325 217 378 Sidoniam
232 325 295 388 pitto
307 322 458 383 chlamydem
471 318 716 368 circumdatalimboz

94 393 140 448 Cui
151 391 262 455 pharetra
275 407 304 438 ex
317 407 384 447 auro,
398 389 474 436 crines
486 387 605 436 nodantur
616 386 641 432 in
654 401 748 444 aurum,

18 501 19 510 r
93 465 176 510 Aurea
188 473 329 520 purpuream
341 454 456 504 subnetiit
469 451 539 502 fibula
550 451 645 520 uestem.

94 530 151 578 Nec.
158 541 209 574 non
219 534 244 572 et
256 523 354 588 Phrygii
363 521 471 579 comites,
484 529 508 573 ot
519 517 593 570 laetus
603 519 679 579 liilus,
753 557 756 562 .

95 594 220 641 Incedunt.
241 591 291 652 lpse
302 599 358 638 ante
370 585 429 636 alios
440 585 610 648 pulcherrimus
621 604 704 634 omnes

95 661 173 710 turen
184 655 207 706 se
219 657 308 705 socium
320 661 423 713 Aeneas,
435 664 509 714 atque
520 653 614 714 agmina
623 653 701 714 jungit
712 670 719 701 τ

97 724 192 790 Qadis,
203 723 246 770 ubi
257 722 385 781 hybernam
397 721 508 782 Lyciam,
520 719 660 787 Xanthique
673 722 771 779 flironte,

95 791 203 848 Deserit,
215 805 242 838 ac
253 785 341 836 Delum
352 797 484 854 maternam
497 786 582 835 invisat
591 783 691 847 Apollo,

97 856 262 918 instauratque
274 855 371 904 chorea:
391 853 499 916 mistique
510 851 594 904 altaria
605 852 692 902 circum

97 923 224 984 Cretesque
233 921 388 984 Dryopesque
400 925 515 977 fremunt,
528 919 631 980 pinique
640 917 785 980 Ag'athyrsrr

99 985 150 1051 lpse
159 990 223 1052 jugis
234 989 326 1050 Cynthi
337 987 458 1049 gradihus
465 984 582 1048 mollique
591 985 702 1034 fluentem

98 1057 193 1104 Fronde
204 1056 293 1116 premit
302 1054 391 1102 crinem
401 1053 500 1116 fingens,
513 1063 587 1114 atque
597 1050 705 1112 implicat
717 1065 773 1098 auro
780 1065 789 1098 :-

98 1121 161 1172 Tela
170 1122 254 1172 sonant
266 1121 376 1182 humeris.
396 1122 468 1169 Haud
478 1118 520 1169 illo
531 1119 623 1180 segnior
634 1119 684 1167 ibat
744 1151 748 1154 -

100 1193 215 1238 Aeneas:
233 1198 329 1238 tantum
340 1187 431 1250 egregio
444 1189 596 1237 deeueenitet
608 1202 655 1234 ore.
749 1191 750 1196 ’
890 1221 891 1226 ,

61 1275 75 1293 ν
100 1254 232 1319 Postquam
242 1251 303 1304 altos
315 1265 412 1306 ventum
424 1256 449 1306 in
461 1264 563 1313 montes,
576 1263 649 1316 atque
660 1252 724 1302 iuria
735 1250 820 1310 lullra3
890 1271 891 1276 ¹

100 1323 162 1370 Eece
173 1323 235 1370 serae
246 1322 295 1382 sani
307 1323 407 1384 dejectae
416 1323 501 1372 vertice
510 1339 594 1383 caprae

97 1387 230 1438 Decurrtre
239 1389 313 1450 jugis:
333 1387 379 1436 alia
390 1390 418 1436 de
430 1399 497 1449 parte
508 1398 643 1450 patentes,r
724 1393 729 1400 '

97 1453 282 1500 Transmittunt
292 1454 358 1500 eursu
369 1470 474 1514 campos,
486 1465 558 1516 atque
569 1457 664 1513 agmina
675 1456 737 1502 cervi
750 1485 764 1500 ,ι
777 1479 779 1488 ·

99 1514 272 1588 Pulyerulenta
283 1519 339 1576 suga
350 1515 490 1576 glomerant,
502 1521 640 1579 montesque
649 1519 794 1580 relinquunt.

99 1587 141 1634 At
154 1581 338 1644 pucrAseanius
349 1583 466 1630 mediis-in
479 1583 578 1631 vallibus
589 1583 634 1632 aeri

18 1661 19 1682 ³
100 1649 201 1701 Gaudet
212 1655 284 1710 equo,
293 1647 391 1710 jamque
401 1647 445 1696 hos
456 1649 530 1708 eursu,
540 1649 591 1710 jam
602 1650 714 1710 praeterit
726 1647 790 1709 illos;

95 1721 310 1778 Spumantemque
321 1715 370 1764 dari
382 1731 466 1776 pecora
478 1717 541 1764 inter
550 1717 635 1764 inertia
647 1717 707 1764 rotis

100 1787 180 1845 Optat
191 1797 286 1848 aprum,
298 1789 340 1830 aut
351 1780 449 1834 fulvum.
455 1783 590 1832 descendere
601 1785 684 1832 monte
696 1781 798 1832 leonem.

135 1852 227 1898 Interea
238 1848 326 1909 niagno
337 1849 426 1898 misceri
437 1866 557 1898 mmmure
568 1848 660 1898 eoelum
725 1901 728 1906 .

18 1933 20 1946 ·
101 1915 205 1981 incipitp
223 1914 351 1976 insequitur
361 1913 484 1966 commista
496 1919 610 1978 grandine
621 1917 725 1966 nimbus.

100 1984 134 2030 Et
146 1981 216 2042 Tyrii
226 1981 323 2030 comites
334 1983 425 2042 passim,
437 1994 462 2032 et
473 1985 580 2046 Troiana
589 1985 710 2047 juventus,

99 2045 281 2108 Dardaniusque
293 2063 366 2106 nepos
375 2051 479 2107 Veneris,
492 2051 580 2097 diversa
592 2067 634 2110 per
645 2067 714 2109 agros

98 2115 175 2162 Tella
186 2123 252 2160 metu
264 2112 362 2174 petiere3
383 2124 456 2162 ruunt
467 2117 496 2162 de
508 2117 630 2163 montibus
641 2131 730 2163 amnes.
806 2143 809 2148 ·

73 2219 79 2230 .
100 2179 242 2241 Speluncam
254 2181 321 2228 Dido
332 2181 382 2228 dux
392 2191 419 2229 et
425 2182 545 2242 Trojanus
555 2183 655 2229 eandem

35 2265 42 2278 ¹
98 2247 244 2294 Deveniunt.
265 2247 345 2294 Prima
357 2255 382 2295 et
392 2244 475 2296 Tellus
486 2257 510 2296 et
522 2250 630 2308 pronuba
641 2250 705 2312 Juno

96 2313 168 2362 Dant
177 2311 282 2374 siguum:
303 2311 473 2374 fulsireignes,
487 2323 512 2362 et
523 2313 627 2362 conscius
639 2315 720 2364 aether

98 2381 232 2436 Connubii3
254 2379 392 2440 summoque
402 2377 523 2430 ululamnt
535 2381 621 2430 vertice
632 2381 768 2444 Nymphae.
779 2415 782 2422 ι

96 2443 140 2492 tlte
153 2447 202 2494 dies
215 2445 305 2505 primus
314 2444 374 2493 lethi
385 2447 519 2507 primusque
531 2447 649 2496 malornm

95 2509 180 2558 Caussa
194 2513 255 2558 suit}
275 2528 352 2573 neque
363 2513 426 2560 enim
437 2515 512 2574 specie
522 2517 615 2569 famave
626 2525 748 2574 moueture

96 2580 150 2624 Nec
160 2577 210 2637 jam
223 2577 336 2626 furtivum
349 2579 415 2627 Dido
426 2583 556 2628 meditatur
567 2597 686 2628 amorem:
746 2603 749 2607 ·

97 2641 245 2701 eonjugium
258 2654 340 2701 uotam
359 2643 403 2693 hoc
415 2646 533 2706 praetexit
545 2648 641 2694 nomine
654 2645 761 2706 culpam.
791 2707 793 2709 Ι

138 2707 269 2770 Extemplo
281 2711 372 2772 Libyae
382 2727 481 2773 magnas
492 2713 512 2759 ir
524 2715 588 2763 fama
600 2729 642 2774 per
653 2714 720 2759 urben
727 2729 736 2766 ;

447 2779 505 2832 Na
