1818 2914
169 75 432 146 ,autumnos
465 79 553 128 ΗΒ.
580 77 621 128 Vi.
665 91 723 141 571.
791 87 839 146 iet

8 161 11 176 ‚
101 183 227 246 Tisiphone
238 181 318 244 quatit
329 179 443 230 insultans
453 197 460 240 3
479 179 607 242 torvosque
619 179 707 231 sinistra

45 264 49 270 '
102 255 224 300 intentans
234 263 328 309 angues,
341 257 411 302 vorat
422 247 516 308 agmina
528 247 594 295 saeva
606 247 719 297 sororum.

134 321 197 366 Tum
208 317 303 364 demum
316 313 438 362 horrisono
450 313 572 364 stridentes
583 315 679 364 cardine
690 316 766 364 sacrae

104 386 241 434 Panduntur
251 389 341 442 portae.
360 381 452 438 Cernis,
465 379 567 430 custodia
577 380 654 444 qualis

103 448 219 500 vestibulo
230 447 325 498 sedeat?
344 448 414 496 iacies
425 463 485 508 quae
496 445 578 496 limina
590 447 680 499 servet?

104 516 282 582 Qinqnaginta
294 514 353 563 atris
363 514 476 562 immanis
487 513 590 564 hiatibus
600 519 692 578 Hydra,

7 633 17 652 μ
103 585 194 634 Saevior
205 584 270 632 intus
280 581 353 630 habet
364 581 456 630 sedem:
475 591 528 630 turn
539 583 654 633 Tartarus
664 585 714 646 ipse

11 703 14 710 ,
103 650 376 712 Bisnateetnpraeceps
386 657 492 707 tantum,
505 648 630 711 tenditque
640 650 680 698 sub
692 651 800 713 umbras,
846 719 850 728 ·

104 721 215 781 Qantus
226 716 257 762 ad
266 715 395 764 aetherium
407 713 466 764 coeli
477 713 592 776 suspectus
602 715 743 780 Olympum.

104 783 155 836 Hic
166 797 237 843 genus
248 781 372 843 antiquum
384 785 481 840 Terrae,
493 782 592 830 Titania
603 786 685 845 pubes,
729 791 733 796 ’

104 849 214 900 Fulmine
224 848 313 911 dejeffl,
326 849 401 897 londo
412 847 540 897 volvuntur
551 849 576 896 in
588 849 645 898 imo.
720 897 725 914 Ι

104 915 153 969 Hic
164 925 187 965 et
196 914 299 964 Aloidas
309 915 425 976 geminos,
438 915 552 962 immania
563 916 612 963 vidi

105 987 223 1045 Corpora:
243 983 285 1045 qui
297 983 407 1030 manibus
418 982 670 1044 magnum-rescindere
680 981 771 1036 coelum

105 1049 221 1110 Aggreffi,
233 1049 366 1112 superisque
377 1052 459 1113 Jorem
473 1051 594 1098 detrudere
606 1051 691 1112 regnis.

106 1117 161 1180 Vidi
172 1126 197 1164 et
207 1115 309 1165 crudeles
321 1117 418 1166 dantem
431 1115 555 1164 Salmonea
568 1133 665 1179 poenas,

105 1185 173 1234 Dum
187 1183 292 1232 flammas
303 1184 376 1247 Jovis,
390 1193 415 1232 et
426 1184 515 1233 sonitus
526 1183 635 1233 imitatur
647 1183 754 1248 Olympi.

106 1253 217 1316 Qatuor
227 1249 266 1298 hic
277 1249 380 1299 invetlns
391 1249 466 1313 equis,
479 1261 504 1299 et
514 1249 626 1312 lampada
638 1250 756 1314 quassans,

16 1357 21 1364 .
89 1319 151 1366 ‘Per
163 1315 263 1366 Grairim
276 1317 385 1378 populos,
399 1319 535 1378 mediaeque
546 1333 587 1380 per
600 1318 674 1368 Elidis
685 1323 769 1376 urbem

104 1386 159 1433 Ibat
169 1400 252 1441 ovans,
264 1382 404 1444 Divilmque
416 1383 457 1430 srbi
469 1385 578 1444 poscebat
590 1385 714 1447 honorem,

102 1450 222 1498 Demens!
242 1447 285 1506 qui
297 1449 399 1506 nimbos,
412 1459 436 1496 et
446 1447 496 1494 non
508 1449 623 1497 imitabile
634 1452 725 1504 fulmen

103 1519 181 1571 Aere,
191 1522 215 1560 et
227 1512 380 1570 cornipedum
393 1513 457 1559 cursu
469 1511 590 1561 simularat
600 1531 722 1576 equorum.

103 1585 146 1631 At
157 1588 227 1641 pater
237 1573 391 1637 omnipotens
402 1577 471 1625 densa
482 1578 545 1624 inter
556 1579 635 1628 nubila
645 1581 721 1632 telum
744 1585 747 1592 ’

103 1643 231 1697 Contorsrt
244 1646 305 1706 (non
318 1641 358 1691 ille
367 1645 437 1702 faces,
450 1659 493 1691 nec
505 1645 583 1692 fumea
592 1648 666 1697 taedis

102 1713 224 1774 Lumina)
237 1710 437 1772 praecipitemque
448 1709 547 1758 immani
559 1714 652 1763 turbine
663 1717 750 1780 adegit.

5 1831 9 1838 ,
104 1785 158 1830 Nec
170 1795 219 1828 non
231 1789 256 1826 et
268 1777 368 1839 Tityon,
379 1779 467 1826 Terrae
478 1778 649 1842 omniparentis
660 1783 795 1849 alumnum,

103 1851 207 1897 Cernere
217 1853 282 1894 erat:
302 1861 344 1908 per
354 1855 408 1894 tota
420 1861 504 1894 novem
516 1847 553 1894 eui
561 1847 642 1910 jugera
654 1867 738 1915 corpus

5 1901 20 1948 ¹·
105 1914 251 1974 Porrigitur3
271 1909 390 1974 rostroque
401 1913 514 1963 immanis
526 1912 606 1963 vultur
616 1920 709 1969 obunco

104 1977 246 2030 immortale
256 1975 320 2040 jecur
330 1981 443 2040 tondens,
456 1983 603 2042 fecundaque
614 1988 698 2045 poenis

104 2047 208 2103 Viscera,
221 2044 367 2106 rimaturque
378 2045 462 2106 epulis,
474 2047 615 2108 habitatque
626 2051 667 2097 snb
679 2051 729 2100 alto

104 2115 218 2162 Pesiore:
237 2127 280 2160 nec
292 2112 357 2159 sibris
369 2113 459 2173 requies
470 2115 540 2161 datur
550 2112 598 2160 ulla
610 2117 705 2164 renatis.
727 2121 731 2127 '

87 2224 90 2228 .
105 2181 174 2245 Qid
186 2195 315 2228 memorem
327 2179 455 2240 Lapithas,
469 2179 560 2236 lxiona,
575 2179 772 2246 Pirithoumque?

104 2248 176 2309 Quos
187 2246 253 2308 super
264 2257 316 2295 atra
328 2243 385 2292 srlex
392 2246 491 2308 jamjam
502 2243 602 2305 lapsura,
615 2250 754 2316 cadentique

103 2313 220 2362 imminet
232 2311 343 2362 assimilis.
362 2315 457 2360 Lucent
469 2309 598 2373 genialibus
608 2314 663 2366 altis

102 2382 189 2427 Aurea
199 2378 273 2427 fulcra
284 2379 352 2436 toris,
365 2377 494 2441 epulaeque
505 2389 561 2428 ante
572 2397 613 2430 ora
624 2395 721 2446 paratae

5 2491 7 2498 ,
102 2445 212 2505 Regifieo
224 2445 289 2493 luxu.
309 2445 430 2495 Furiarum
442 2446 548 2495 maxima
556 2447 627 2511 juxta

5 2559 7 2566 ,
102 2515 228 2570 Accubat,
241 2521 264 2560 et
277 2512 385 2562 manibus
396 2514 507 2575 prohibet
518 2517 653 2578 contingere
665 2520 768 2582 mensam

101 2579 266 2639 Exsmgitque
278 2580 352 2626 lacem
365 2579 485 2640 attollens,
498 2593 571 2642 atque
583 2581 677 2633 intonat
688 2601 736 2636 ore.

101 2645 165 2702 llic,
180 2645 265 2706 quibus
275 2645 341 2697 invisr
353 2647 446 2708 fratres,
458 2651 514 2696 dum
527 2649 576 2697 vita
587 2653 709 2712 manebat,

103 2710 245 2761 Pulsaturie
255 2725 349 2775 parens,
359 2723 383 2764 er
394 2715 460 2766 fraus
467 2716 555 2765 iuncum
565 2713 660 2776 elient55

860 2 905 42 Ἴ

803 2799 901 2878 s
